3044 4904
706 312 815 364 CAPUT
840 314 1002 365 TERTIUM.

372 525 452 598 Sese
479 552 582 623 super
607 554 679 601 sese
705 530 806 614 levat,
833 529 993 624 attollitq.
1019 526 1125 600 levari

422 648 596 745 Corporea
621 649 803 723 dominum
829 651 921 723 mole
947 649 1096 723 subinde
1121 675 1265 746 precans

374 770 441 841 Ars
467 770 508 843 fit
532 771 594 842 ubi
619 797 640 843 a
664 772 792 846 teneris
817 771 998 846 meditatio
1024 772 1168 844 discitur
1193 772 1303 857 annis,

422 890 521 979 Quae
547 893 643 967 venit
668 904 788 968 exacto
813 902 969 990 tempore
995 893 1094 990 pejor
1115 892 1189 965 erit.

372 1011 577 1110 Aeternaeq.
605 1016 753 1110 flagrans
778 1017 869 1089 vitae
896 1015 1079 1087 dulcedine
1101 1014 1232 1110 spernit
1249 1020 1279 1103 1)

419 1132 548 1206 Omnia
572 1161 661 1232 quae
686 1137 787 1208 fallax
813 1136 941 1232 gaudia
966 1136 1119 1208 mundus
1144 1134 1259 1208 habet,

374 1251 423 1325 Ut
448 1254 537 1328 redit
561 1256 621 1353 itq.
648 1258 808 1353 frequens
833 1258 979 1353 longum
1004 1256 1148 1328 formica
1172 1282 1235 1352 per
1259 1268 1360 1352 agore

423 1376 605 1449 Granifero
631 1379 773 1452 solitum
800 1378 884 1451 dum
911 1379 1006 1451 velut
1030 1403 1089 1450 ore
1115 1403 1231 1473 apum.

375 1496 449 1570 Aut
474 1507 514 1571 ut
535 1524 616 1595 apes
642 1501 782 1596 saltusq.
809 1526 891 1573 suos
917 1509 953 1573 et
978 1499 1108 1572 olentia
1132 1508 1253 1572 nactae

424 1620 565 1705 Pascua,
592 1647 654 1717 per
679 1621 781 1693 flores
806 1629 841 1695 et
865 1621 985 1718 thyma
1009 1646 1145 1692 summa
1169 1620 1298 1704 volant,

375 1739 431 1812 Sic
456 1742 528 1815 ruit
552 1742 595 1813 ad
620 1768 731 1814 sacras
757 1742 953 1815 avidissima
978 1743 1075 1836 virgo
1101 1765 1245 1813 coronas

424 1861 583 1934 Favabus
609 1871 649 1936 ut
673 1864 785 1960 plenis
809 1863 946 1937 hauriat
972 1863 1151 1959 cloquium

374 1982 464 2056 Lilia
488 1992 528 2057 tu
555 1986 663 2057 vincis
688 2010 753 2057 nec
779 1985 893 2056 adhuc
919 1984 1059 2081 delapsa
1082 1984 1227 2080 ligustra

422 2105 467 2177 Et
491 2106 675 2180 Tiburtino
701 2115 819 2179 mente
844 2104 940 2201 quod
965 2105 1059 2178 albet
1084 2105 1170 2177 ebur
1187 2109 1218 2194 ²)

375 2225 492 2321 Digna
516 2227 658 2322 quidem
683 2228 787 2299 facies
812 2253 875 2323 pro
901 2253 971 2323 qua
992 2226 1046 2300 vel
1072 2226 1185 2299 obiret
1209 2224 1372 2308 Achilles,

423 2347 489 2419 Vel
514 2347 651 2419 Priamo
678 2348 761 2420 belli
788 2372 892 2419 causa
916 2347 1097 2443 probanda
1116 2347 1193 2430 fnit,

375 2467 477 2540 Hanc
502 2478 556 2542 tot
581 2469 743 2543 sollicitat
767 2469 983 2565 locupletum
1009 2469 1112 2542 turba
1136 2492 1333 2563 procorum,

425 2589 564 2662 Florida
588 2616 694 2687 qua-m
719 2591 847 2663 multas
872 2590 985 2686 Ibylla
1008 2598 1127 2663 tuetur
1152 2613 1244 2683 apes.

376 2710 465 2783 Ecce
490 2710 564 2784 dies
588 2712 732 2808 genialis
757 2711 864 2795 adest,
892 2711 1059 2784 instructa
1084 2708 1241 2804 tapaetis,

425 2831 580 2928 Auleisq.
608 2833 733 2904 domus
759 2831 854 2926 regia
879 2839 953 2904 tota
973 2829 1072 2902 nitet.

378 2954 557 3026 Accelerat
581 2954 716 3027 cinctus
744 2951 905 3024 viridanti
929 2960 1088 3046 tempora
1108 2959 1222 3046 myrto

428 3074 694 3172 Nimpharumq.
722 3075 857 3158 chorus,
885 3072 1082 3167 laurigeriq.
1109 3072 1216 3168 proci.

380 3195 474 3267 Dum
499 3197 664 3293 phrygios
689 3196 823 3293 lydosq.
852 3193 987 3277 modos,
1015 3202 1111 3265 vasta
1135 3192 1222 3265 atria
1247 3190 1379 3265 circum

426 3316 543 3387 Turba
568 3318 676 3389 effusa
706 3317 800 3390 canit
824 3316 1004 3388 luxuriosa
1029 3314 1135 3410 proci.

380 3438 509 3532 Dumq.
536 3438 628 3511 leves
654 3438 753 3511 ducit
774 3447 881 3511 cantu
907 3435 1110 3508 modulante
1137 3434 1279 3505 choreas

427 3556 551 3628 Omnis
577 3569 612 3633 et
637 3560 673 3630 in
698 3583 864 3631 numeros
889 3557 1030 3630 brachia
1056 3565 1176 3629 coetus
1200 3553 1282 3648 agit.

382 3679 468 3751 llccc
495 3679 560 3752 tibi
586 3681 701 3753 media
725 3688 842 3753 cantat
867 3678 1025 3752 firnebria
1049 3686 1152 3750 nocte

429 3801 589 3873 Carmina
615 3827 703 3897 quac
730 3799 858 3873 Christi
882 3807 1031 3871 mortem
1053 3797 1178 3869 obiisse
1205 3803 1305 3867 sonat

288 4024 480 4033 ---

327 4194 349 4270 ¹)
370 4197 487 4270 apernit,
509 4212 609 4271 nempe
631 4213 684 4260 ars,
706 4211 778 4267 quae
799 4192 839 4259 fit,
865 4189 911 4248 ubi
932 4208 990 4248 enz.

208 4358 211 4363 .
328 4298 351 4374 ²)
372 4299 409 4357 Et
429 4298 577 4357 Tiburtino
599 4297 715 4354 monta?
