3044 4904
610 322 718 377 CAPUT
744 320 905 378 TERTIUM.

275 541 414 636 Quodq.
444 540 508 613 tibi
534 538 646 611 dicam
673 539 781 635 lapidi
807 565 871 612 nec
898 540 1011 613 dicere
1037 542 1185 627 credam,

321 667 395 734 Aut
418 660 455 732 in
481 685 607 755 aquam
631 660 767 731 levibus
792 660 940 733 seribere
965 661 1199 735 arundinibus

274 782 400 879 Ecquis
425 789 459 853 te
481 781 653 877 juvenum
679 781 970 854 confidentissime
995 793 1131 856 nostros

322 902 470 975 Abdidit
494 902 531 972 in
558 902 754 973 thalamos?
781 910 816 973 et
843 902 922 998 quis
949 910 984 975 et
1010 904 1189 976 occuluit?

273 1025 360 1096 Fare
385 1047 448 1117 age
474 1021 560 1117 quid
586 1022 713 1106 venias,
740 1022 773 1093 ia
799 1022 902 1094 istinc
929 1033 964 1097 et
989 1025 1142 1120 adprime
1163 1050 1324 1120 gressum

324 1143 449 1216 Nullae
474 1142 530 1213 hic
554 1142 750 1228 blandinae,
778 1144 917 1216 nullave
942 1144 1096 1217 luxuries

274 1264 340 1336 Dic
367 1288 495 1359 quaeso
522 1288 623 1335 mene
651 1273 801 1338 attactus
827 1265 977 1360 perferre
1004 1266 1117 1338 viriles

323 1385 426 1456 Posse
451 1395 563 1480 putas,
592 1384 649 1456 cui
676 1395 773 1479 grata
798 1385 872 1480 jam
898 1385 1079 1480 virginitas

276 1508 357 1578 Esto
384 1504 488 1576 velim
514 1514 605 1578 certe
630 1530 702 1577 non
729 1530 870 1600 possum
897 1506 1028 1578 nubere
1055 1507 1229 1603 cuiquam,

324 1627 356 1699 Ο
381 1625 467 1698 mihi
492 1627 593 1699 chare
619 1626 687 1698 nisi
713 1626 770 1698 cui
795 1626 876 1699 data
902 1626 1014 1723 prima
1038 1628 1133 1699 fides.

276 1748 492 1844 Virginitatis
516 1773 637 1819 amans
663 1746 764 1820 datus
790 1757 842 1820 est
866 1755 1014 1844 custosq.
1042 1774 1192 1844 comesq.

324 1871 491 1964 Angelus,
518 1870 574 1942 hic
601 1894 738 1964 semper
763 1879 926 1942 strenuus
950 1869 1045 1942 ultor
1069 1869 1166 1944 adest

277 1990 421 2086 Semper
444 1991 488 2062 ab
514 1989 649 2063 insidiis
675 1988 833 2060 animum
859 2014 1020 2085 corpusq.
1046 1998 1166 2063 tuetur

327 2110 408 2200 Quo
434 2113 553 2184 nullus
578 2110 678 2183 nobis
703 2109 843 2206 auspice
868 2118 978 2182 terror
1003 2111 1069 2184 erit

278 2232 510 2328 Omnipotens
535 2232 672 2328 genitor
696 2239 835 2303 tantum
861 2256 918 2303 me
943 2232 1100 2328 praeside
1121 2233 1269 2328 dignum

327 2352 437 2424 Ducis
462 2362 497 2426 et
521 2353 677 2449 angelico
702 2352 754 2423 vis
778 2352 872 2423 fruar
896 2353 1075 2449 alloquio?

278 2473 432 2570 Excepto
458 2475 554 2571 quod
577 2500 649 2546 non
674 2483 793 2546 tecum
819 2473 884 2544 sim
910 2483 1045 2547 caetera
1068 2474 1159 2548 laeta

328 2594 388 2667 Nil
413 2620 469 2667 me
495 2605 672 2692 praeterea
696 2594 793 2690 quod
814 2595 915 2691 juvat
939 2594 1105 2682 invenies,

279 2716 359 2788 Hoc
385 2742 449 2812 ego
475 2716 637 2814 pronubo
664 2723 797 2787 castum
822 2740 955 2788 servare
981 2717 1096 2789 cubile

326 2837 406 2909 Jam
431 2838 568 2936 pridem
593 2836 699 2909 statui
724 2861 789 2908 nec
814 2836 974 2910 statuisse
998 2837 1110 2933 pudet

279 2957 360 3029 Non
383 2958 450 3030 hoc
475 2983 496 3029 a
520 2957 622 3029 nobis
647 2957 831 3030 inventum
857 2957 986 3052 prodit,
1013 2967 1049 3031 et
1073 2958 1158 3030 olim

326 3079 498 3176 Legitimo
522 3078 637 3175 juncti
662 3078 862 3150 continuere
888 3077 1000 3150 thoro.

280 3201 440 3291 Quorum
466 3208 539 3273 erat
564 3207 618 3291 (ut
643 3199 796 3294 reliquos
822 3205 1011 3290 taceamus)
1037 3198 1181 3272 Alexius
1206 3198 1265 3271 illa
1330 3257 1333 3261 .

206 3327 208 3330 ’
328 3321 487 3393 Malchus
512 3325 620 3394 Amos
645 3320 794 3392 Vandon
813 3326 842 3409 ²)
868 3319 1016 3392 Ursulae
1040 3320 1120 3416 itaq.
1147 3320 1278 3416 phalan

279 3442 387 3513 Hunc
410 3442 498 3514 mihi
522 3442 680 3514 coelestis
706 3442 787 3516 tulit
812 3466 887 3513 arra
913 3441 1007 3512 bona
1031 3440 1148 3514 mariti

328 3562 507 3659 Addixitq.
534 3588 650 3635 meam
675 3562 734 3634 cui
759 3562 867 3636 semel
893 3586 952 3634 eae
977 3560 1083 3634 fidem

282 3684 385 3755 Hanc
410 3684 496 3756 mihi
520 3684 643 3779 religio
669 3693 722 3757 ast
747 3684 872 3779 quovis
898 3682 1026 3755 violare
1051 3693 1216 3779 procante

330 3804 469 3877 Rivales
494 3805 573 3876 illos
597 3828 663 3876 nec
689 3805 772 3878 sinit
798 3829 870 3877 esse
896 3803 962 3875 sibi

279 3925 375 3997 Huic
398 3926 462 3997 uni
486 3934 644 4021 poteram
668 3925 795 3997 farsam
820 3924 1046 3996 succumbere
1072 3924 1194 4018 culpae

329 4047 516 4142 Naturaeq.
543 4046 642 4142 sequi
666 4046 800 4119 semina
824 4070 934 4143 prona
959 4069 1068 4116 meae.

184 4205 376 4216 ——-—-.

224 4301 279 4381 ,p
