3044 4904
607 321 715 372 CAPUT
741 321 903 372 TERTIUM.

273 536 464 632 Explorant
488 559 613 620 remos,
640 543 709 630 atq.
736 534 812 631 ipsa
836 533 990 631 pericula
1015 533 1165 620 discunt,

320 657 371 730 Ut
396 682 476 729 curn
502 667 643 753 experta
668 657 790 729 cohors
815 664 851 730 et
874 655 1043 731 meditata
1066 682 1202 743 manus,

273 779 417 875 Ereptas
442 779 553 851 oculis
578 779 687 853 soleat
710 804 781 850 non
807 804 970 881 quaerere
996 789 1113 864 terras,

320 902 420 972 Tnnc
444 909 593 996 pontum
620 900 816 997 irrumpens
841 900 980 997 longius
1003 901 1053 973 ire
1078 908 1186 996 parat.

272 1022 426 1095 Maxima
451 1021 620 1094 Caeciliae
646 1022 804 1118 quamvis
829 1022 899 1096 sint
923 1022 1083 1119 martyris
1109 1029 1195 1107 acta,

319 1144 417 1217 Haec
443 1152 559 1217 tamen
586 1168 627 1216 ex
652 1144 808 1217 minimis
833 1157 903 1216 nr‘rc
927 1141 1128 1217 memorada
1151 1142 1237 1215 mihi

271 1267 378 1362 Virgo
404 1265 461 1362 pie
486 1264 599 1351 docta,
626 1275 662 1340 et
687 1267 788 1341 docte
813 1265 883 1365 pia,
908 1275 991 1340 nata
1014 1264 1172 1337 fovendis

321 1388 547 1485 Pauperibus,
578 1388 666 1461 nulli
692 1414 763 1460 non
790 1397 826 1462 et
850 1398 964 1462 amata
988 1388 1099 1484 probo

271 1510 313 1582 In
339 1535 445 1606 quam
471 1535 551 1582 cum
577 1510 701 1606 specie,
729 1535 810 1582 cum
835 1510 956 1595 forma,
984 1534 1089 1605 cumq
1114 1507 1248 1605 pudore

320 1631 371 1704 Ex
398 1656 510 1727 aequo
535 1640 645 1705 certat
671 1631 823 1728 corporis
849 1631 1039 1726 integritas.

271 1753 381 1851 Cujus
406 1752 609 1850 simplicitas
634 1753 797 1849 prudens,
823 1751 1008 1850 prudentia
1033 1752 1179 1848 simplex

319 1875 520 1948 Immortale
545 1874 647 1970 parit,
674 1873 879 1948 conciliatve
904 1873 1019 1948 decus.

272 1997 382 2093 Cujus
408 2021 491 2092 opes
516 1996 638 2090 ingens
663 1996 774 2092 pietas
799 1994 1024 2068 commendat
1049 2005 1084 2070 et
1109 2003 1220 2080 ornat,

321 2118 482 2190 Nobilior
508 2117 666 2202 dubium,
693 2117 822 2212 largior
846 2143 889 2188 an
916 2141 960 2189 ne
985 2116 1053 2189 fuit

272 2239 424 2313 Aemula
449 2248 624 2312 maternae
650 2238 790 2335 pietatis
815 2239 912 2334 ubiq.
940 2238 1103 2312 studebat

320 2360 475 2456 ingeniis
501 2369 649 2433 matrem
675 2360 832 2433 moribus
857 2359 1059 2456 exprimere.

272 2483 375 2556 Casta
399 2481 503 2556 refert
528 2491 640 2556 castae
666 2481 842 2578 genitricis
867 2480 939 2553 filia
963 2505 1088 2566 mores,

318 2602 481 2675 Lascivae
506 2628 616 2698 nunq.
643 2610 749 2698 gnata
774 2602 902 2699 pudica
926 2601 1002 2674 fuit.

272 2724 437 2820 Pupillos,
464 2723 596 2809 viduas,
624 2734 660 2799 et
684 2749 812 2820 egenos
837 2724 959 2820 undiq.
988 2748 1166 2820 quaerens.

320 2844 563 2919 Auxiliatrices
587 2844 750 2942 praebuit
774 2871 850 2942 usq.
877 2869 1012 2917 manus.

270 2967 417 3040 Nullum
444 2968 557 3065 majus
583 2976 656 3041 erat
680 2968 817 3041 lucrum
842 2992 947 3063 quarn
973 2992 1112 3063 pascere
1137 2992 1265 3063 egenos

319 3089 476 3162 Foenore
502 3115 583 3161 nam
610 3089 733 3184 grandi
759 3090 921 3186 centupla
946 3088 1038 3161 dona
1064 3088 1154 3162 tulit.

273 3211 370 3300 Quas
397 3210 524 3283 Christi
552 3235 655 3283 causa
681 3210 814 3282 miseris
840 3210 983 3283 donavit
1009 3209 1127 3304 egenis

182 3382 184 3388 -
319 3332 360 3404 In
394 3332 490 3404 coelo
517 3339 681 3405 aetemas'
699 3331 935 3406 constabilivit
960 3356 1051 3428 opes.

271 3453 303 3525 Ο
329 3478 435 3550 quam
461 3463 496 3527 te
521 3478 724 3539 memorem,
752 3453 881 3550 quibus
906 3462 941 3526 et
966 3462 1001 3526 te
1026 3451 1189 3523 laudibus
1214 3464 1309 3536 orne,

319 3575 490 3649 Dotribus
516 3574 711 3670 omnigenis
737 3575 896 3672 praedita
921 3574 1070 3648 Caecilia

271 3697 368 3770 Dum
395 3697 504 3782 dotes,
532 3696 618 3769 dum
645 3696 796 3781 divitiae,
824 3696 908 3769 dum
934 3695 1065 3768 nubilis
1090 3702 1193 3767 aetas.

321 3818 416 3889 Dum
442 3818 537 3889 color
561 3818 598 3890 in
623 3816 725 3889 niveo
751 3841 894 3914 corpore
919 3840 1128 3912 purpureus,

273 3941 368 4012 Dum
393 3940 532 4011 nullum
556 3965 629 4011 non
655 3938 766 4010 forma
791 3937 884 4034 rapit
908 3937 992 4009 dum
1020 3937 1110 4032 cuiq.
1138 3936 1307 4032 probatur

320 4060 506 4155 Virgineus
531 4085 630 4133 roseo
657 4059 719 4156 qui
743 4058 833 4132 nitet
858 4083 916 4131 ore
943 4058 1068 4154 pudor,

268 4182 367 4254 Dum
394 4180 460 4252 sibi
486 4180 649 4255 sollicitat
673 4181 889 4277 locupletum
915 4179 1018 4253 turba
1043 4202 1228 4274 procorum

321 4302 423 4374 Hanc
449 4303 576 4377 Christi
601 4327 764 4400 sponsam
786 4303 932 4400 jungere
958 4299 1136 4373 connubio
1262 4328 1263 4331 ¹
