3044 4904
607 289 715 342 aaron
740 287 906 357 qnmrnn.

372 509 588 594 Inconstans,
614 532 711 603 vaga,
738 506 959 581 fraudulenta
983 531 1145 604 nequam,

348 632 504 706 Passim
529 631 716 706 sollicitans
740 629 845 703 modo
870 629 974 716 hunc,
1000 628 1106 702 modo
1131 629 1243 715 illum,

373 755 490 846 Quem
515 753 739 840 contaminet,
766 752 921 850 affricetq
946 753 1121 838 morbum,

373 877 565 976 Syncerum
590 875 700 963 vitiet,
729 875 887 950 trahatne
912 884 1057 950 castum.

371 999 476 1072 Vocis
501 998 688 1073 mellifluae
715 998 883 1073 suavitate

370 1122 583 1197 Demulcens
608 1120 827 1195 rudiusculos
853 1119 1027 1218 ephaebos

371 1246 547 1331 Thermas,
575 1245 715 1343 templa,
743 1244 858 1317 forum
884 1243 1154 1341 frequentantes.
1185 1301 1188 1311 .

371 1367 481 1465 Cujus
504 1366 647 1440 insidias
672 1366 768 1463 ubiq.
794 1365 940 1439 tendens

371 1488 581 1587 Insultansq.
608 1489 808 1585 ferociensq.
835 1486 957 1559 victrix

373 1611 508 1685 Blando
533 1612 714 1709 vipereum
740 1635 885 1684 vomens
911 1609 1040 1682 abore

370 1734 494 1821 Virus;
520 1733 615 1832 quod
639 1733 783 1809 stabulis
807 1734 921 1831 lupus,
948 1731 1044 1829 quod
1068 1730 1197 1804 imbres

370 1855 486 1930 Laetis
510 1854 669 1952 frugibus
694 1864 730 1930 et
755 1855 838 1930 satis
863 1854 1001 1940 adultis,

373 1975 480 2067 Quod
504 1977 599 2051 venti
620 1977 812 2064 arboribus,
839 1976 934 2075 quod
960 1985 1075 2052 auster
1100 1975 1190 2048 arvis

372 2098 451 2175 Hoc
477 2108 528 2173 est
552 2098 703 2172 faemina
728 2099 882 2173 lubricae
904 2100 1067 2196 juventae

372 2220 477 2312 Quod
504 2221 598 2294 salvo
622 2231 773 2319 nequeat
797 2221 930 2319 pudore
956 2221 1035 2295 dici.

372 2343 536 2439 Flagrans
561 2342 756 2416 insatiabile
780 2343 895 2417 furore

373 2465 419 2540 Et
441 2490 561 2538 vecors
586 2465 695 2538 animi
721 2465 915 2563 impotente
940 2464 1063 2537 morbo

375 2587 520 2685 Semper
544 2588 659 2685 prurit
683 2597 719 2662 et
743 2596 878 2661 aestuat
904 2587 1017 2660 colore

377 2709 480 2782 Nunc
505 2709 686 2783 lenociniis
711 2709 815 2783 rudes
841 2709 998 2782 inescans

382 2832 486 2906 Nunc
512 2831 599 2904 dans
625 2832 745 2905 suavia
770 2831 925 2905 dulciora
949 2829 1052 2903 melle

265 2953 268 2959 ’
377 2953 536 3051 Hyblaeo
564 2963 600 3028 et
626 2952 763 3027 Siculae
787 2953 923 3051 liquore
948 2977 1078 3026 cannae

378 3076 482 3149 Nunc
507 3086 543 3151 et
568 3077 722 3150 lacteolis
748 3075 887 3150 trahens
912 3074 1057 3173 pupillis
1181 3089 1183 3094 '

376 3197 510 3273 Exartis
539 3199 646 3272 modo
671 3199 835 3272 vellicans
861 3199 997 3271 lacertis

378 3320 458 3393 Non
484 3345 561 3393 raro
587 3320 732 3418 magicis
757 3321 861 3394 sacris
886 3321 1046 3406 adurens,

379 3442 424 3517 Et
449 3442 587 3517 laetalia
612 3442 742 3541 philtra
767 3443 856 3515 clam
881 3442 1082 3539 propinans,

380 3565 573 3639 Occurrens
599 3565 794 3639 meretricio
821 3565 954 3651 decore,

378 3687 467 3761 Tota
491 3712 669 3784 purpureo
695 3685 810 3761 nitens
836 3686 960 3773 colore,

381 3809 632 3907 Applaudensq
656 3808 779 3882 habitu
803 3809 1002 3882 venustiori.
1072 3838 1074 3842 ⁷

381 3931 520 4006 Stillant
543 3930 641 4003 labra
666 3931 815 4027 quidem,
835 3931 952 4003 favum
978 3938 1047 4027 atq.
1074 3938 1193 4004 nectar

382 4053 505 4126 (larvis
530 4053 641 4126 lactea
668 4052 844 4150 molliusq.
872 4053 1001 4125 collum

381 4174 443 4249 Est
467 4175 598 4273 pluma,
626 4173 766 4272 Syrium
790 4175 945 4272 fragrans
970 4173 1101 4247 olivum

386 4296 560 4396 Affatimq.
588 4303 723 4370 scatens
747 4296 994 4393 fragantiamm
