3044 4904
578 1040 787 1268 dispe
845 984 1227 1249 §sarrire

398 1346 919 1476 Virginitatis
960 1344 1412 1445 encomium

625 1578 671 1660 ah
697 1573 914 1674 &irradient
939 1571 1179 1685 &artharium

364 1799 515 1853 reorum
539 1799 737 1849 vmomrrss
762 1798 892 1863 quesn
916 1798 968 1848 srr
993 1797 1167 1859 mersen
1194 1797 1375 1860 resumas,
1403 1800 1450 1850 rr

405 1921 509 1973 urna
530 1920 728 1983 amramis,
754 1920 823 1969 noc
845 1920 915 1968 rnrr
937 1918 1117 1969 sorerem
1140 1918 1233 1968 oms.
1247 1918 1409 1969 arianus

426 2041 721 2094 affirmaremus
746 2040 939 2092 amenum
963 2040 1160 2092 rmrermo
1185 2039 1248 2089 sao
1272 2015 1306 2091 S.
1335 2016 1380 2092 D.

805 2239 997 2252 ...-...-.-—

371 2347 619 2624 dssuoniam
632 2429 789 2528 plerique
803 2453 884 2501 eum
897 2452 1033 2524 semper
1054 2426 1148 2512 elias,
1171 2435 1248 2500 tum
1270 2435 1364 2501 certe
1386 2428 1494 2504 etism

475 2577 580 2638 nunc,
615 2560 657 2625 ut
686 2576 797 2647 quum
822 2549 972 2622 maxime
997 2547 1034 2620 in
1059 2548 1243 2646 postremis
1268 2549 1402 2625 habent
1428 2551 1493 2625 vir·

322 2677 517 2774 ginitatem,
553 2699 586 2771 q.
624 2682 756 2770 negant
788 2697 860 2745 esse
887 2671 923 2743 in
949 2677 1121 2768 potestate
1146 2669 1297 2744 hominis
1321 2696 1400 2746 eam
1428 2699 1494 2749 ser·

321 2824 412 2884 vare,
439 2797 587 2871 stultum
612 2820 695 2869 vero
723 2819 796 2868 esse
830 2800 964 2866 tentare
989 2792 1084 2888 quod
1110 2817 1182 2864 non
1207 2793 1318 2889 possis
1344 2794 1491 2871 efficere.

321 2919 455 2993 Idcirco
480 2918 594 2991 visum
621 2924 674 2991 est
698 2916 786 2989 mihi
810 2914 1012 3012 priusquam
1038 2914 1233 3010 colleguem
1259 2924 1363 2988 tuum
1384 2916 1493 2992 hone

320 3040 533 3116 ratissimum
567 3039 613 3112 ed
647 3037 853 3134 virginitatis
887 3035 1045 3111 studium
1079 3037 1277 3111 cohortarer
1310 3046 1348 3111 et
1380 3048 1494 3114 osten·

322 3163 441 3236 derem
466 3168 597 3257 quanta
622 3159 668 3231 sit
691 3159 868 3253 virginum
894 3158 1055 3254 dignitas,
1094 3167 1258 3255 quantaq.
1286 3158 1435 3234 felicitas
1460 3169 1494 3235 et

321 3283 462 3382 quantia
481 3282 566 3355 item
587 3279 749 3378 perieulis
769 3280 825 3352 hic
847 3281 1031 3352 thesaurus
1053 3279 1098 3351 sit
1123 3280 1309 3377 expositus,
1337 3280 1493 3378 primum

260 3380 264 3387 ¹
321 3403 557 3500 virginitatem
591 3428 632 3476 ex
668 3400 800 3473 arcanis
833 3400 958 3474 litteris
982 3400 1034 3472 illi
1059 3411 1128 3498 qua
1153 3400 1495 3477 commendatissima

211 3549 217 3560 ·
320 3525 441 3600 facere.
479 3522 615 3596 Deinde
652 3521 790 3595 selectis
819 3521 953 3619 aliquot
978 3531 1136 3596 veterum
1161 3521 1344 3596 sententiis
1369 3524 1494 3599 confir·

320 3671 426 3721 mare.
452 3645 510 3719 Ad
537 3653 731 3718 extremum
756 3643 872 3738 quido
899 3643 1058 3715 encomia
1081 3667 1210 3738 magna
1230 3652 1369 3739 exparte
1393 3645 1494 3721 dum·

320 3772 416 3841 taxat
447 3791 547 3840 aures
580 3764 758 3838 deliniunt
793 3763 950 3860 exempla
974 3789 1056 3836 vero
1082 3763 1210 3838 docent
1235 3765 1366 3852 oculos,
1395 3768 1496 3866 sequi

321 3889 525 3962 Historieos.
548 3913 581 3988 q.
608 3885 644 3958 ii.
671 3884 853 3958 benefacta
876 3884 1053 3957 laudando
1079 3892 1114 3957 et
1138 3910 1228 3981 quae
1261 3894 1386 3961 eontra
1411 3898 1496 3963 sunt

320 4008 550 4108 vituperando
566 4019 613 4081 no
634 4006 762 4080 docent
782 4005 937 4102 quidem,
959 4006 1020 4079 sed
1041 4005 1137 4102 quod
1150 4015 1202 4080 est
1214 4006 1497 4085 efficacissimum

320 4130 485 4231 exemplis
509 4127 698 4227 propositis
723 4150 813 4223 quae
838 4134 932 4201 recte
957 4150 1101 4199 secusne
1134 4125 1204 4212 fiat,
1233 4127 1331 4203 velut
1355 4129 1395 4204 in
1421 4157 1497 4231 spe·

320 4254 400 4330 culo
423 4252 622 4330 ostendunt.
645 4249 726 4324 Jam
748 4273 839 4337 vero,
861 4248 890 4321 si
907 4248 1108 4348 prophanae
1129 4248 1280 4347 virgines
1300 4258 1499 4348 potuerunt
