3044 4904
245 116 314 191 106
679 104 787 191 orror
812 138 978 206 qnmron.

240 354 449 454 protulisset,
476 354 505 429 si
530 354 625 453 quod
649 355 859 432 adolescenti
884 356 1057 430 exciderat
1080 364 1318 456 (posteaquam
1343 357 1406 433 diu

241 480 382 577 multuq
412 478 609 577 quaesierit)
647 479 773 553 habere
810 478 988 577 petiisset,
1027 479 1195 578 scriptum
1233 490 1306 557 erat
1342 481 1406 572 sed

240 601 418 688 mendose,
443 602 598 700 Thetydia
619 603 755 688 cirtem,
777 601 935 675 undenos
956 601 1001 674 sis
1021 601 1255 678 restituimus:
1277 603 1407 703 Tethys

241 724 390 799 interea:
414 723 481 798 fuit
501 732 618 799 autem
636 722 765 821 Tethys
778 749 866 797 uxor
878 722 1045 822 Neptuni,
1059 723 1233 822 Vergilius
1245 725 1363 823 Georg
1374 726 1403 800 Ι.

240 846 323 945 Teq.
358 846 425 920 sibi
457 870 624 943 generum
658 845 786 943 Tethys
811 853 904 920 emat
928 845 1092 920 omnibus
1115 847 1229 921 undis.
1256 847 1406 922 Ovidius

238 969 299 1043 lib.
337 968 404 1044 fast
440 967 472 1041 V
504 968 661 1042 Duxerat
693 992 842 1042 oceanus
876 968 1027 1066 quodam
1061 969 1222 1044 Titanida
1254 969 1405 1046 Tethim.

240 1091 324 1167 Fuit
356 1101 391 1166 et
423 1092 498 1165 olea
530 1090 659 1189 Thetys
692 1090 735 1165 de
761 1116 831 1188 qua
854 1090 932 1187 lege
956 1089 1182 1188 Fulgentium
1209 1091 1407 1166 Placiadem

240 1212 301 1288 lib.
328 1213 383 1286 ΠΙ
407 1213 444 1287 in
470 1213 587 1287 fabula
614 1213 707 1288 Pelei
732 1219 767 1287 et
790 1212 946 1288 Thetidis
968 1223 1003 1288 et
1023 1214 1202 1301 Ovidium,
1224 1214 1284 1288 lib.
1308 1214 1407 1290 Meta

240 1336 294 1410 XI
318 1335 458 1435 Jupiter
482 1360 671 1434 aequoreae
695 1334 854 1422 Theadis,
881 1335 1057 1409 connubia
1082 1335 1174 1434 fugit
1213 1395 1220 1410 .
1273 1395 1280 1410 .
1335 1395 1342 1410 .
1396 1395 1403 1410 .

287 1585 306 1673 t
327 1579 514 1672 (Viderunt
534 1579 637 1667 oculi,
660 1589 850 1679 rapuerunt
871 1590 1011 1678 pectora
1031 1581 1224 1672 flammae);
1249 1606 1331 1655 cum
1353 1582 1406 1656 lu·

239 1703 355 1777 briaae
380 1703 485 1777 aetati
498 1727 623 1776 omnea
636 1702 739 1778 etiam
753 1710 831 1777 tuta
843 1701 913 1776 sint
925 1702 1091 1790 timenda,
1115 1711 1206 1778 certe
1226 1703 1400 1802 imprimis

238 1825 290 1900 illi
328 1824 521 1900 cavendum
557 1812 602 1897 ah
639 1823 819 1922 impudico
856 1824 1078 1923 libidinosoq.
1118 1834 1271 1923 aspectu,
1310 1825 1406 1902 unde

238 1955 346 2024 scatet
370 1947 484 2021 omnis
508 1947 672 2020 vitiorum
698 1946 872 2022 colluvies.
901 1946 1046 2045 Scripsit
1070 1946 1163 2022 enim
1187 1947 1254 2021 hoc
1279 1948 1407 2048 planis·

239 2071 326 2146 sime
363 2071 536 2169 Propheta
573 2069 766 2144 Hieremias
802 2095 866 2168 oap
899 2069 962 2143 IX.
998 2068 1091 2162 Quia
1124 2070 1279 2145 ascendit
1313 2096 1408 2146 mors

239 2220 273 2293 p.
301 2193 465 2269 fenestras
488 2201 621 2268 nostras
647 2193 800 2290 ingressa
825 2200 876 2267 est
901 2192 1024 2267 domos
1049 2200 1182 2267 nostras
1206 2193 1405 2291 disperdere

238 2315 401 2415 parvulos
434 2314 569 2402 deforis,
593 2315 738 2413 juvenes
764 2315 808 2388 de
834 2315 966 2414 plateis.
992 2316 1153 2391 Testatur
1179 2314 1273 2390 idem
1298 2341 1405 2414 quoq.

237 2438 274 2513 in
308 2437 453 2513 Threnis
486 2437 601 2536 Caput
632 2436 696 2511 ΙΠ.
723 2436 855 2511 Oculus
880 2462 980 2511 meus
1004 2437 1233 2536 depraedatus
1256 2439 1407 2512 est-ani·

239 2560 321 2636 man
353 2585 478 2635 meam.
505 2559 671 2658 Ejusdem
696 2560 830 2656 generis
856 2567 965 2634 estet
987 2559 1093 2633 illud:
1116 2558 1190 2634 Nec
1216 2569 1408 2657 sequantur

239 2683 466 2781 cogitationes
506 2707 585 2756 suas
619 2691 656 2757 et
692 2681 811 2756 oculos
847 2707 911 2780 per
946 2706 1000 2755 res
1037 2681 1148 2755 varias
1185 2681 1403 2757 fornicantes.

239 2804 354 2880 Numa
378 2805 457 2878 XV.
484 2803 579 2877 Huic
600 2804 799 2903 proximum
822 2813 875 2878 est
895 2803 1001 2877 illud:
1024 2805 1151 2879 Auente
1172 2802 1295 2877 faciem
1309 2813 1406 2878 tuam

239 2954 260 3001 a
294 2927 438 3001 muliere
472 2935 634 3025 corrupta
661 2934 696 3000 et
730 2951 773 3001 ne
797 2925 1052 3024 circumspicias
1073 2924 1224 3024 speciem
1245 2925 1404 3001 ahenam.

239 3051 385 3149 Propter
417 3049 566 3148 speciem
595 3048 750 3123 mulieris
776 3048 879 3123 multi
904 3047 1080 3147 perierunt
1106 3056 1142 3122 et
1166 3073 1208 3122 ex
1232 3047 1299 3121 hoc
1326 3074 1404 3122 con·

238 3171 451 3270 cupiscentia
483 3170 581 3269 quasi
609 3170 700 3268 ignis
726 3170 945 3246 escardescet.
974 3170 1064 3243 Eccl.
1090 3169 1154 3243 IX.
1180 3169 1227 3245 Et
1251 3169 1402 3246 ibidem:
1434 3176 1437 3181 ’

237 3294 417 3392 Virginem
455 3319 499 3368 111
536 3293 726 3391 conspicias
757 3319 802 3368 ne
835 3293 922 3368 forte
958 3292 1195 3366 scandalizeris
1219 3292 1256 3365 in
1282 3292 1404 3367 decore

239 3417 323 3515 ejus.
351 3416 481 3490 Eodem
508 3425 664 3514 spectant
690 3425 725 3491 et
749 3427 933 3514 sequentes
957 3439 1176 3514 paraeneses:
1203 3413 1257 3488 Ne
1278 3414 1404 3512 passim

237 3549 406 3637 vagentur
431 3538 523 3612 oculi
548 3537 609 3617 sed
632 3548 725 3614 recta
749 3548 784 3614 te
810 3548 1041 3637 praecurrant.
1069 3538 1169 3611 Prov.
1196 3537 1256 3618 IV.
1279 3537 1403 3611 Coram

238 3661 378 3736 cordato
413 3667 465 3734 est
489 3660 666 3758 sapientia,
693 3670 729 3735 at
754 3661 848 3734 oculi
874 3661 1059 3736 stultorum
1085 3659 1212 3757 passim
1236 3666 1404 3756 vagantur

236 3784 336 3858 Prov.
364 3782 464 3856 ΧΙΠ.
492 3781 671 3857 Memento
698 3781 863 3880 quoniam
889 3782 1001 3857 malus
1024 3791 1076 3857 eat
1098 3782 1219 3854 oculus
1239 3806 1401 3880 nequam.

237 3904 394 4003 Nequius
435 3905 536 3977 oculo
575 3903 671 4002 quod
709 3911 861 3978 creatum
901 3904 977 3979 estP
1001 3903 1092 3977 Eccl.
1119 3902 1254 3978 XXXI.
1281 3903 1404 4003 Pepigi

235 4026 358 4102 foedus
390 4051 473 4100 curn
506 4025 614 4099 oculis
643 4026 730 4099 meis
753 4035 795 4101 ut
819 4051 863 4100 ne
889 4026 1077 4124 cogitarem
1100 4025 1246 4123 quidem
1270 4023 1314 4099 de
1340 4024 1404 4097 vir·

237 4149 328 4250 gine.
363 4148 434 4225 Job
459 4147 593 4222 XXXI.
623 4147 799 4240 Quorsum
825 4149 948 4224 attinet
975 4148 1075 4246 plura
1098 4147 1164 4221 hoc
1189 4171 1301 4245 genus
1325 4173 1395 4220 con·
