3044 4904
378 334 385 343 .
521 297 649 347 VIERDB
681 297 895 348 floorns'run.

185 624 215 699 b.
239 613 390 699 Mardi
417 613 749 699 amstelrcdarni
777 615 897 698 vana
924 615 1212 719 Epigramma.

377 967 423 1026 IN
445 966 715 1027 PEGGATRIOEM
735 965 1031 1027 EVANGELIOAM.

219 1121 306 1196 Ecce
333 1121 400 1196 tibi
425 1120 551 1194 mulier
577 1119 751 1193 Pharisaei
775 1119 940 1217 irrumpit
964 1121 1001 1192 in
1027 1123 1129 1196 aedes

268 1244 375 1334 Quod
403 1242 507 1315 simul
534 1244 753 1316 accumbens·
770 1252 859 1316 esset
883 1242 986 1316 Jesus
1011 1244 1071 1318 ibi.

216 1368 343 1442 Astans
368 1392 389 1438 a
413 1374 511 1462 tergo
536 1365 748 1464 lacrymatur
772 1374 808 1438 et
833 1365 991 1462 unguina
1015 1365 1141 1453 fundit,

265 1488 429 1562 Crinibus
455 1487 602 1583 extergit
626 1514 715 1585 quos
739 1489 833 1562 lavat
859 1497 940 1561 ante
966 1489 1084 1586 pedes.

216 1611 354 1687 Obtutu
380 1619 476 1684 tenet
502 1636 571 1696 ora,
599 1611 721 1707 scloq.,
748 1611 939 1684 immobilis
963 1612 1083 1686 haeret

267 1732 482 1831 Compressis
507 1732 679 1819 manibus,
707 1734 778 1820 flet,
806 1734 925 1829 gemit,
951 1742 1021 1830 atq,
1048 1734 1154 1810 dolet.

217 1856 446 1954 Suspensaeq‚
473 1855 536 1928 diu
560 1856 733 1955 lacrymae
758 1857 888 1929 fluxere
914 1882 976 1953 per
1002 1882 1062 1929 ora

268 1978 426 2068 Qualiter
452 1979 587 2076 abjecta
612 1978 655 2051 de
680 1979 760 2051 nive
786 1987 905 2052 manat
930 2004 1031 2076 aqua.

220 2101 350 2199 Incipit
375 2100 471 2174 effari
496 2099 647 2197 mediaq.
674 2101 711 2173 in
736 2126 821 2174 voce
846 2102 985 2188 resistit,

268 2223 433 2321 Singultu
459 2223 594 2296 medios
618 2223 831 2320 impediente
858 2249 971 2297 sonos.

217 2344 268 2418 Ex
294 2346 411 2418 animo
438 2345 521 2442 quia
546 2370 651 2418 nemo
678 2346 788 2442 magis
814 2345 936 2418 dilexit
959 2344 1083 2418 Jesum

269 2468 343 2542 Nec
369 2467 481 2564 magis
506 2467 663 2565 excaepit
689 2468 833 2541 comiter
856 2469 1019 2566 hospitia,

220 2591 263 2666 llt
288 2591 366 2664 fixis
392 2590 503 2664 oculis
528 2590 700 2665 narrantis
721 2590 765 2661 ab
791 2615 850 2663 ore
877 2591 1056 2688 pependit.

265 2712 369 2786 Hanc
394 2722 537 2810 peccata
562 2713 668 2785 simul
693 2714 805 2787 multa
829 2713 978 2788 remittit
1003 2714 1045 2787 ei.

218 2833 314 2927 Quid
338 2834 585 2933 lachrymarisl
609 2835 716 2908 habes
741 2842 816 2908 tota
841 2835 938 2931 quod
964 2845 1081 2910 mente
1107 2836 1225 2933 petisti

264 2957 283 3031 Ι
310 2983 392 3031 cum
418 2983 513 3056 pace,
539 2958 625 3031 fides
650 2967 684 3032 te
710 2964 772 3030 tua
797 2958 916 3044 salvat,
943 2957 1002 3032 ait.

231 3303 550 3387 verschillcnda
578 3302 862 3405 puntdichtcn
891 3322 976 3385 van
1004 3302 1190 3386 Mardus

506 3455 591 3518 van
618 3435 904 3518 Amstardarn.

302 3788 352 3849 ΟΡ
374 3790 425 3848 ΒΕ
447 3787 650 3848 ZONDARES
671 3786 754 3846 VAN
774 3787 852 3846 HET
872 3785 1108 3845 EVANGELIE.

171 3939 241 4026 zie,
281 3942 348 4013 hoe
386 3967 471 4014 vocr
508 3966 586 4014 uwe
624 3966 736 4037 ccgen
776 3940 858 4013 (1111
891 3964 1011 4012 vrouw
1041 3938 1102 4012 het
1125 3936 1205 4010 huis
1230 3937 1291 4010 des

124 4062 341 4137 phariseeers
366 4062 627 4161 binnendringt,
657 4063 777 4136 omdat
801 4063 905 4136 Jesus
933 4062 1017 4134 daar
1043 4061 1114 4132 ool<
1127 4085 1192 4132 aan
1206 4058 1289 4133 tafel

123 4185 255 4283 aaulag.
282 4187 412 4260 Achter
437 4186 532 4260 Hem
558 4187 741 4282 gekomen,
769 4184 897 4257 schreit
922 4183 961 4281 aij
987 4182 1079 4269 daar,
1112 4189 1199 4256 stort
1219 4180 1292 4253 bal-

123 4332 198 4383 sem
222 4309 286 4397 uit,
314 4335 358 4384 111
384 4336 430 4382 na
455 4310 517 4383 des
537 4308 678 4387 Heeren
700 4317 824 4386 voetea
845 4316 880 4380 te
900 4306 1039 4380 hebben
1060 4302 1290 4412 gewasschen⁸
