3044 4904
259 270 329 345 104
681 290 789 340 carun
814 288 980 355 qornrom

261 587 312 668 ln
352 588 404 670 l).
441 587 607 670 hrasml
642 588 922 670 Roterodami
960 589 1140 670 carmen
1167 588 1419 670 Bucolicum

481 718 631 800 Alardi
659 720 986 805 amstelredami
1013 719 1197 801 Scholia.

305 896 465 970 Indolem
490 897 619 994 egregii
651 897 791 972 artificis
828 897 865 970 in
889 897 1030 971 Erasmo
1059 898 1140 972 Rot.
1167 923 1262 995 perq.
1289 896 1420 971 adoles

261 1029 345 1107 octe,
381 1031 417 1095 et
449 1021 562 1093 adhue
596 1020 806 1094 Deventriae
841 1021 1036 1094 Alexandro
1069 1021 1184 1118 Hegio
1218 1032 1420 1120 preceptore

259 1151 390 1229 utente,
417 1143 644 1217 submicuisse
679 1168 718 1215 ac
753 1143 947 1218 scintillulis
973 1143 1182 1240 quibusdam
1212 1169 1284 1217 sese
1304 1144 1420 1242 prodi-

258 1266 359 1352 disse,
398 1267 608 1340 documento
641 1292 712 1340 esse
746 1267 875 1364 poterit
909 1268 1027 1363 ecloga
1059 1267 1143 1340 haec
1176 1266 1345 1352 buoohca,
1381 1268 1419 1340 in

259 1415 328 1487 qua
360 1388 512 1462 ludenda
546 1389 679 1463 subacti
711 1389 845 1486 ingenii
879 1390 934 1462 sui
969 1389 1144 1487 specimen
1169 1400 1237 1487 atq.
1265 1390 1420 1487 poetices

259 1522 401 1608 gustum
428 1511 577 1608 prebuit.
606 1510 784 1608 llcquidne
809 1513 948 1609 prebuit
974 1513 1082 1585 vero?
1107 1511 1258 1602 Quando
1283 1513 1419 1611 poetice

260 1635 486 1732 appellamus,
508 1659 579 1707 non
601 1646 751 1730 quocuq,
772 1641 800 1724 1)
827 1634 987 1708 claudere
1011 1659 1148 1707 versum
1174 1634 1333 1731 pedibus,
1360 1637 1422 1710 sed

260 1752 501 1852 rationemque
534 1755 685 1828 sermoni
719 1755 936 1852 dignitatem,
973 1757 1188 1852 gravitatem,
1222 1757 1420 1855 jucundita-

257 1891 339 1964 tem,
366 1877 521 1974 picturae
533 1877 705 1950 lenocinia
725 1902 764 1950 ao
786 1885 840 1968 (ut
859 1878 909 1950 ita
930 1877 1087 1968 dixerim)
1110 1877 1326 1953 divinitatem
1346 1889 1417 1977 atq.

258 2004 549 2092 ευθουσιασμον.
590 2002 776 2098 quemdem
810 2000 979 2097 adjungit.
1015 2000 1124 2098 Atqui
1156 2001 1240 2074 haec
1273 2001 1419 2076 facultas

257 2123 345 2196 nulli
371 2123 551 2218 contingit,
578 2123 644 2195 nisi
669 2123 731 2219 qui
751 2133 873 2219 pectus
895 2123 990 2196 omni
1012 2123 1272 2220 disciplinarum
1293 2148 1420 2220 genere

259 2246 446 2343 expleverit
479 2244 650 2342 siquidem
684 2270 763 2317 vera
796 2245 909 2343 poesis
938 2246 1026 2319 nihil
1050 2245 1145 2318 aliud
1171 2253 1221 2318 est
1246 2270 1352 2342 quam
1378 2272 1419 2320 ex

258 2373 357 2442 omni
391 2367 652 2464 disciplinarum
687 2367 818 2440 deliciis
853 2392 891 2439 ac
922 2367 1085 2440 medullis
1110 2367 1250 2442 condita
1274 2369 1418 2465 plac'e'ta,

257 2499 319 2565 aut
352 2497 406 2582 (ut
438 2490 563 2564 melius
596 2489 723 2579 dicam)
757 2515 798 2562 ex
831 2489 1042 2563 electissimis
1076 2490 1236 2587 quibusq.
1267 2490 1421 2565 flosculis

258 2613 490 2711 compositum
515 2611 732 2684 mellifluum.
760 2612 865 2685 Porro
890 2620 932 2685 ut
951 2612 1086 2708 apicula
1107 2637 1148 2684 ex
1173 2612 1325 2685 flosculis
1346 2639 1420 2687 suc·

258 2762 339 2810 cum
363 2736 474 2810 mellis
499 2734 642 2831 colligit,
669 2760 750 2807 cum
776 2734 834 2806 alii
866 2760 937 2807 non
964 2734 1178 2809 delectentur
1210 2735 1277 2807 nisi
1306 2736 1420 2809 colore

258 2869 293 2933 et
318 2858 433 2944 odore,
460 2858 508 2931 sic
534 2857 771 2955 philosophiae
805 2857 982 2930 studiosos
1016 2866 1051 2932 et
1081 2884 1121 2931 ex
1147 2857 1262 2931 Poetis
1287 2857 1421 2931 invenit

258 2982 354 3079 quod
387 2980 431 3053 ad
465 2981 555 3053 bene
583 2978 771 3052 vivendum
797 2979 978 3066 conducat,
1007 3005 1088 3052 oum
1113 2979 1173 3052 alii
1197 2987 1335 3053 tantum
1362 3006 1420 3053 vo·

257 3103 392 3201 luptate
437 3102 657 3176 deliniantur.
705 3102 879 3174 Praeclare
926 3126 1007 3198 ergo
1053 3112 1215 3198 recteque
1256 3101 1420 3177 Horatius

258 3224 419 3324 inquit:'

403 3470 478 3543 Aut
502 3468 663 3567 prodesse
688 3469 821 3554 volunt,
849 3476 910 3541 aut
934 3437 1103 3542 delectare
1129 3477 1252 3565 poetae

405 3591 608 3665 autsimul
634 3601 670 3665 et
693 3591 849 3689 jucunda
875 3601 911 3665 et
935 3590 1060 3664 idonea
1085 3591 1198 3664 dicere
1222 3591 1323 3665 vitae.

309 3839 345 3913 Si
379 3840 479 3938 quisq
515 3846 566 3912 est
599 3838 660 3935 qui
693 3845 883 3934 utrumque
908 3860 1009 3909 nosse
1035 3835 1257 3932 concupiscit,
1284 3833 1314 3907 is
1337 3834 1425 3908 mibi

261 3963 454 4037 accuratius
482 3961 656 4059 expendat
680 3959 785 4033 velim
811 3983 949 4032 carmen
973 3959 1050 4044 hoo,
1076 3959 1112 4030 in
1139 3983 1209 4055 quo
1236 3957 1286 4049 (ni
1310 3956 1423 4048 fallor)

261 4084 386 4159 alludit
418 4085 463 4158 ad
497 4083 685 4182 vergiliana
715 4079 1000 4180 pharmaceutria,
1036 4106 1055 4154 e
1088 4081 1216 4154 scendo
1250 4079 1426 4158 Theocriti

305 4309 328 4387 ¹)
349 4308 626 4388 quomodocumque.
