3044 4904
607 295 715 352 CAPUT
741 295 904 351 rnarlou.

205 516 210 526 ⁴
271 515 440 588 Mollibus
464 515 501 586 in
528 514 657 586 dormis
682 514 821 611 plumis,
849 515 998 611 stertisq.
1025 515 1251 612 profundum.

322 637 471 709 Securus
496 635 617 707 mortis
640 634 800 731 judiciiq.
827 635 896 706 Dei

271 758 333 831 Sat
359 757 604 853 tempestivum
631 756 742 828 credis
765 757 838 853 jam
864 766 976 830 morte
1000 757 1198 854 propinqua

320 878 485 952 scintillis
511 877 594 949 fidei
620 877 724 949 corda
749 877 858 974 calere
883 904 1019 975 parum.

271 999 446 1072 Christum
472 1006 589 1071 mente
615 998 715 1093 gerit,
742 999 919 1071 Christum
943 999 1142 1097 praecordia
1167 1008 1310 1074 ructant

318 1120 495 1193 Christum
522 1145 582 1192 cor
607 1121 725 1218 spirat,
752 1130 793 1194 tu
818 1146 914 1193 mera
939 1121 1020 1192 vina
1045 1146 1173 1218 crepas,

180 1303 183 1314 ζ
270 1242 336 1314 1111
361 1266 536 1338 gynaeceo
562 1251 598 1315 et
622 1241 776 1314 thalamo
801 1243 1012 1339 lacrymatur
1038 1250 1073 1315 et
1100 1249 1185 1326 orat,

318 1365 372 1435 Tu
397 1371 489 1436 totos
515 1363 624 1458 garris
648 1388 711 1458 per
736 1388 830 1435 sacra
856 1363 987 1460 templa
1012 1363 1096 1435 dies.

270 1484 419 1556 Garrula
444 1484 600 1556 foerninii
624 1483 762 1578 fugiens
787 1485 959 1557 consortia
985 1509 1086 1556 sexus

318 1605 529 1677 Incumbens
555 1605 671 1678 studio
697 1604 833 1678 desidet
858 1630 933 1701 usq.
960 1605 1068 1691 domi,

270 1726 450 1800 Lucubrat
474 1726 519 1798 ad
543 1726 692 1798 multam
718 1735 820 1799 nocte
846 1750 941 1797 sacra
965 1725 1074 1798 biblia
1099 1749 1238 1797 versans

318 1848 496 1919 Versendo
523 1847 684 1932 excussit,
710 1847 841 1932 calluit,
868 1846 989 1920 edidit.

268 1973 317 2044 Te
343 1967 500 2066 jucunde
517 1953 648 2065 ¹juvant
672 1976 800 2043 tractae
826 1993 888 2065 per
912 1968 1039 2065 pocida
1064 1974 1193 2039 noctes.

318 2091 347 2162 11
372 2089 500 2185 quibus
525 2089 646 2185 exugis
672 2089 768 2185 quod
794 2089 860 2162 tihi
885 2089 1011 2161 mentis
1036 2088 1134 2161 adest

268 2215 312 2286 Et
336 2212 418 2283 licet
443 2210 487 2281 ad
512 2211 686 2307 populum
712 2210 869 2307 phaleras
895 2210 1033 2282 videare
1059 2209 1192 2307 peritus

317 2335 399 2406 Non
424 2331 489 2405 tibi
513 2330 593 2428 plus
618 2330 731 2403 cordis
757 2331 818 2403 scd
842 2333 959 2404 minus
984 2333 1052 2405 oris
1077 2332 1183 2404 adest.

268 2455 334 2528 llla
359 2452 589 2548 Evangelium
616 2477 752 2549 semper
777 2452 895 2549 vivitq.
923 2463 1074 2550 crepatq.

317 2577 371 2648 Tu
396 2581 532 2671 praeter
557 2597 667 2668 nugas
693 2573 744 2644 nil
769 2574 857 2646 bene
883 2574 1086 2648 deblateras.

271 2698 336 2770 Illa
360 2696 509 2790 virumq.
536 2719 641 2765 suum
665 2694 864 2790 resipiscere
889 2695 971 2768 fecit

315 2817 437 2902 Salses
464 2815 624 2901 insulsos
651 2815 850 2913 ridiculosq.
876 2817 969 2889 facis.

267 2941 322 3013 'Pu
347 2938 458 3034 magis
482 2937 653 3034 insipidus
678 2938 768 3024 beta,
796 2939 969 3035 oramheq.
997 2947 1143 3024 recocta,

314 3061 379 3132 Illa
402 3084 499 3131 mero
525 3058 633 3155 spirat
658 3059 803 3155 mystica
827 3060 931 3134 misto
958 3061 1028 3132 sale

267 3183 332 3256 Illa
356 3205 483 3253 canens
508 3180 583 3252 aliis
608 3189 701 3252 caste
726 3189 856 3278 grateq.
884 3181 1031 3255 canebat

313 3305 367 3375 Tu
393 3301 459 3374 tibi
484 3309 556 3374 tam
582 3326 686 3374 noces
711 3327 818 3399 quam
844 3295 949 3388 canis
975 3302 1046 3399 idq.
1073 3302 1170 3373 lucro

267 3425 332 3497 llla
356 3422 425 3494 Dei
449 3431 544 3495 casto
570 3423 755 3519 praeconia
780 3406 997 3521 predicatore

316 3543 477 3618 Funestis
501 3553 618 3618 ructas
642 3544 787 3618 funebre
812 3554 915 3642 turpe
939 3545 1046 3617 labris

266 3666 404 3740 Affliota
427 3666 465 3742 111
490 3665 641 3739 tenebris
666 3665 775 3738 vitam
801 3667 922 3764 luotuq
948 3667 1115 3751 trahebat,

314 3789 368 3859 Tu
394 3812 490 3883 quoq
515 3786 644 3860 delitiis
669 3787 781 3859 affluis
807 3788 1012 3883 omnigenis.

265 3907 364 3981 Illius
389 3917 573 3981 attenuant
597 3908 759 4004 vigilatae
786 3933 930 4006 corpora
954 3916 1084 3994 noctes,

312 4029 505 4126 Membraq.
533 4039 615 4103 sunt
640 4054 739 4101 caera
762 4030 945 4127 pallidiora
970 4056 1060 4103 nova

264 4151 319 4222 Tu
344 4175 475 4222 marces
501 4151 614 4247 epulis
639 4161 709 4247 atq.
736 4151 827 4226 inter
850 4151 931 4224 vina
957 4152 1112 4247 chorosq.
1196 4211 1199 4214 .

312 4272 509 4351 Persultans
534 4298 645 4346 sacras
670 4281 772 4346 nocte
799 4273 880 4370 dieq
898 4285 1038 4355 eutem.
1256 4253 1258 4258 ¹
