3044 4904
611 291 720 362 tator
745 293 908 364 rnudroti.

275 529 330 600 Tu
355 553 482 626 coccyx
507 527 567 600 illa
592 528 745 627 Euterpe
771 529 982 615 concinnior,
1008 528 1068 601 illa

323 649 381 723 Iro
406 649 602 748 pauperior,
630 661 670 726 tu
696 652 793 727 velut
817 654 939 726 alteter
964 652 1076 725 Arabs
1094 655 1124 741 1)

275 772 340 845 Illa
365 783 592 870 tyrannorum
618 774 751 870 spernit
776 776 926 872 vultusq.
954 775 1098 871 minasq.

323 895 372 967 Te
397 895 482 968 levis
507 895 636 969 occidit
661 905 770 970 terror
795 905 831 970 et
856 897 1036 971 excruciat.
1087 948 1088 952 η

273 1016 340 1090 Illa
364 1016 418 1089 sui
441 1017 532 1090 bene
556 1018 703 1115 prodiga
728 1018 917 1114 sanguinis,
945 1018 1108 1091 omnibus
1133 1018 1226 1092 ultro

321 1138 444 1225 affuit,
471 1148 524 1212 ast
548 1139 611 1212 uni
636 1149 676 1214 tu
701 1139 767 1214 tibi
788 1165 924 1237 semper
947 1140 1030 1213 edes

272 1260 337 1334 Illa
362 1286 427 1334 neo
452 1261 593 1333 hortatu
618 1287 682 1335 neo
709 1261 831 1334 amicis
857 1261 970 1334 excita
994 1261 1119 1348 verbio,

321 1383 462 1457 Proruit
485 1383 523 1455 in
548 1392 700 1457 mortem
725 1383 965 1481 martyriumq.
993 1383 1077 1457 sitit.

271 1505 477 1580 Valerianus
502 1531 542 1578 ac
566 1506 651 1578 haec
676 1506 780 1580 frater
805 1505 995 1602 'tyburtius
1020 1530 1092 1577 una

207 1658 210 1663 ·
320 1627 488 1726 Martyrio
514 1628 649 1726 dedunt
673 1653 719 1714 se,
747 1628 838 1701 duce
865 1627 1025 1700 Caecilia.

271 1750 317 1824 Et
341 1757 375 1824 te
401 1750 499 1823 nulla
523 1760 666 1825 movent
692 1750 851 1847 exempla
876 1749 1066 1824 domestica
1091 1774 1222 1836 saxum,
1325 1755 1328 1761 ’

322 1871 403 1963 Quo
428 1882 464 1945 te
490 1897 592 1969 cunq.
620 1881 747 1945 vocant
772 1897 853 1943 rnox
879 1871 947 1944 alio
973 1871 1023 1944 ire
1048 1896 1159 1968 paras.

271 1994 337 2067 Illa
362 2005 415 2070 sat
440 1995 556 2092 ampla
581 2019 675 2066 sacra
700 1994 832 2091 spargit
856 1993 1067 2091 patrimonia
1091 1993 1129 2066 in
1154 1994 1287 2068 aedem.

319 2117 376 2189 Tu
401 2116 601 2189 deridiculis
627 2115 782 2214 prodigis
809 2115 964 2188 ediculis.

271 2238 397 2311 Hostia
421 2238 644 2336 pauperibus
671 2238 830 2334 granaria
855 2237 988 2311 claudis
1014 2237 1149 2335 egenis,

321 2360 518 2434 rtradiderit
544 2360 609 2433 soli
633 2359 718 2433 haec
743 2385 808 2432 ceu
834 2360 899 2433 tibi
925 2369 1050 2434 cuncta
1074 2359 1172 2433 Deus

271 2482 435 2556 Vestibus
460 2481 655 2554 innumeris
680 2480 840 2567 desudas,
866 2481 984 2555 horret
1009 2506 1139 2578 egenus

321 2604 462 2700 Frigore
488 2628 551 2675 cur
575 2603 718 2701 inopem
744 2613 811 2700 teq.
839 2604 952 2677 calore
976 2604 1105 2677 necas?

270 2726 339 2798 Cui
363 2727 457 2799 bona
483 2725 595 2799 multa
619 2726 718 2798 Deus
744 2725 915 2800 concessit
940 2725 1042 2823 plura
1066 2725 1230 2823 requiret.

318 2848 365 2922 Ni
389 2849 479 2922 bene
505 2847 692 2945 dispendet
715 2871 802 2944 quas
828 2848 919 2920 male
945 2847 1067 2921 condit
1091 2873 1185 2944 opes.

269 2971 334 3045 Illa
359 2970 431 3044 suis
458 2970 586 3068 opibus
612 2982 712 3067 parta
737 2968 803 3042 sibi
828 2969 932 3042 laude
958 2969 1151 3066 triumphat

317 3092 494 3168 Stultitiae
518 3100 623 3167 testes
649 3091 783 3188 colligis
807 3091 891 3165 inde
916 3098 1007 3164 tuae.

268 3215 330 3288 Vis
356 3214 461 3287 simul
487 3213 649 3286 amissam
675 3239 795 3286 rursus
823 3214 1013 3287 coalescere
1037 3213 1176 3286 famam.

318 3335 487 3433 Ingenuis
512 3337 643 3410 cultam
669 3335 827 3408 moribus
852 3334 1049 3432 exprimito.

270 3459 307 3533 Si
330 3458 429 3533 nulla
453 3457 613 3532 accendit
639 3466 818 3532 tantarum
842 3455 953 3554 gloria
977 3482 1094 3530 rerum

319 3583 368 3655 At
393 3588 512 3654 metue
540 3589 720 3653 aeternum
748 3579 843 3677 quod
868 3589 987 3653 manet
1012 3577 1253 3676 opprobruim.

215 3804 238 3879 ¹)
259 3805 323 3863 Irus
344 3823 399 3862 was
420 3803 454 3861 de
475 3803 605 3861 bedelaar
627 3823 678 3860 van
700 3802 807 3860 Ithaca.
