3044 4904
542 295 662 346 vrrrnu
692 295 905 348 HOOFDSTUK.

286 509 457 584 Ardentes
481 509 585 597 oculi,
611 510 745 608 liquido
770 536 850 584 caro
874 512 982 586 levior
1007 540 1112 589 amno

286 630 496 730 Candidiorq
521 633 600 707 nive
623 633 756 732 superis
780 634 977 710 rutilantior
1001 636 1107 711 astris.

286 753 460 828 Viderunt
485 755 587 841 oculi,
612 767 804 852 rapuerunt
828 766 968 854 pectora
992 758 1163 833 flammae.

286 876 410 952 Adfuit
433 885 469 950 et
492 877 617 951 mediis
641 903 729 976 puer
752 879 935 978 improbus
960 880 1019 954 ille
1045 881 1178 955 choreis

283 998 408 1081 Nudus
433 999 588 1073 membra
612 1024 740 1098 genasq
765 1001 872 1098 levisq
897 1011 933 1076 et
957 1012 1079 1101 captim
1104 1004 1233 1092 ocellis,

285 1123 449 1197 Armatm
474 1121 616 1209 facibus,
641 1123 808 1220 levibusq.
834 1123 982 1199 volatilis
1007 1125 1072 1198 alis

283 1244 409 1320 Adfuit
433 1253 468 1318 et
488 1244 633 1331 medius,
659 1245 775 1319 medio
800 1247 895 1320 stetit
919 1246 1098 1345 improbus
1125 1248 1269 1341 orbe,1)

283 1366 456 1441 Viderunt
480 1367 572 1440 oculi
597 1376 789 1465 rapuerunt
813 1376 953 1466 pectora
974 1369 1143 1457 flammae,

282 1489 353 1562 Hic
377 1489 464 1563 mihi
490 1490 638 1587 fulgenti
663 1516 827 1589 promens
852 1517 913 1564 sua
938 1493 1007 1566 tela
1032 1492 1202 1590 pharetra,

283 1612 504 1686 Flammifera
529 1612 711 1712 stupidum
736 1613 871 1711 trajecit
896 1613 1065 1688 arundine
1091 1624 1223 1712 pectus,

280 1736 424 1809 Pectora
448 1735 593 1832 trajecit,
620 1735 815 1833 calidumq;
841 1761 904 1834 per
928 1761 1004 1809 ossa
1029 1737 1204 1818 cucurrit,

281 1856 386 1931 Virus
412 1868 447 1933 et
471 1859 508 1931 in
534 1857 666 1931 medias
691 1858 815 1955 serpsit
840 1858 935 1931 furor
958 1859 1018 1933 ille
1043 1859 1223 1948 medullas,

294 1978 425 2078 Serpsit
450 1990 486 2054 et
511 1980 657 2053 insuetis
682 1980 863 2055 caluerunt
886 1980 1010 2054 intima
1033 1981 1200 2068 flammis3

176 2168 179 2172 .
283 2101 378 2175 Hinc
403 2102 491 2200 perii
516 2112 585 2200 atq.
612 2103 725 2199 gravis
749 2103 864 2200 coepit
888 2103 974 2175 mihi
998 2103 1069 2178 vita
1089 2104 1199 2184 videri

86 2232 90 2240 '
280 2223 325 2297 Et
347 2225 421 2322 jam
446 2224 619 2322 virgineas
645 2252 701 2299 me
727 2235 971 2323 conspectanta
997 2226 1146 2313 choreas,

281 2346 360 2422 Ibat
385 2348 538 2444 supremi
563 2347 674 2445 spatia
698 2347 822 2421 ultima
846 2348 1007 2422 Phoebus
1031 2348 1183 2447 Olympi.

281 2469 377 2561 Quid
398 2469 569 2543 facerem?
582 2469 660 2543 Jsm
675 2477 813 2567 tempus
835 2480 917 2557 erat,
940 2496 1010 2568 quo
1024 2479 1125 2569 septa,
1134 2471 1293 2569 capellae,

280 2591 361 2683 Quo
387 2602 546 2690 repetant
571 2592 661 2690 pasti
686 2592 862 2690 praesepia
882 2602 966 2667 nota
990 2592 1138 2666 iuvenci.

280 2713 340 2789 Me
367 2715 462 2789 dirus
487 2715 658 2789 retinebat
683 2740 790 2800 amor,
816 2739 942 2811 sequor
966 2714 1060 2786 invia
1084 2715 1191 2788 saltus

277 2836 436 2911 Perditus
461 2847 497 2911 et
521 2846 647 2934 questu
672 2835 851 2910 Galateam
876 2846 988 2911 sector
1012 2836 1107 2908 inani

277 2958 322 3031 nt
346 2984 435 3031 vano
462 2958 613 3033 clamore
638 2984 724 3033 voco
750 2958 841 3055 fugit
865 2958 925 3031 illa
949 2965 1141 3044 vocantem,

278 3080 337 3157 Nil
361 3081 530 3180 lacrymas
554 3081 714 3154 miserata
738 3106 843 3167 meas,
868 3081 920 3152 nil
947 3080 1036 3153 fiexa
1061 3078 1210 3176 querela.

277 3203 447 3277 Cautibus
472 3203 623 3276 Ismariis
648 3203 834 3289 immotior,
854 3209 884 3293 2)
911 3201 1028 3299 aspide
1055 3226 1155 3275 saeva

155 3404 158 3408 ,
278 3324 417 3412 Durior,
442 3325 553 3399 aeriae
580 3325 725 3420 summis
751 3325 787 3397 in
813 3325 960 3422 rupibus
986 3324 1122 3397 Aetnae

277 3446 428 3520 Immani
452 3473 525 3521 sese
554 3447 760 3544 Polyphemi
785 3446 944 3519 condidit
970 3454 1078 3518 antra.

279 3569 372 3643 Hinc
396 3570 484 3668 perii
509 3579 578 3667 atq.
607 3570 719 3667 gravis
747 3570 863 3666 coepit
888 3569 976 3641 mihi
1002 3567 1072 3642 vita
1094 3565 1213 3639 videri.

277 3691 368 3764 'l‘um
394 3691 497 3766 redeo
523 3693 675 3778 tandem,
702 3691 859 3788 sequitur
886 3716 968 3787 grex
993 3689 1096 3762 tristis
1117 3697 1269 3762 euntem.

275 3814 357 3909 Atq.
385 3812 441 3886 hic
468 3839 550 3886 cum
568 3814 642 3911 jam
664 3839 741 3911 spes
763 3813 888 3886 misero
910 3811 995 3885 mihi
1019 3810 1115 3883 nulla
1137 3806 1293 3906 supersit.

277 3932 428 4009 Mortem
454 3961 514 4008 oro
541 3961 695 4034 superos,
724 3944 815 4009 certe
838 3944 900 4008 aut
923 3932 994 4031 (qd’
1018 3931 1149 4029 gratius
1170 3937 1270 4020 esset)
1295 3925 1296 3929 ’

276 4055 442 4156 Improba
465 4068 668 4156 permutent
693 4057 855 4130 Galateae
881 4064 1023 4154 pectora
1047 4061 1195 4126 nostrae.

175 4228 184 4262 ι
281 4231 287 4243 .

174 4230 197 4381 'l
218 4229 353 4370 giiiidds
375 4310 506 4381 Ismariis,
528 4311 585 4370 sive
604 4309 744 4388 lapidibus
765 4307 866 4365 montis
887 4304 986 4365 lsmari
1005 4305 1036 4364 in
1055 4302 1182 4363 Thracia.
1324 4300 1326 4304 '
