3044 4904
730 301 839 356 CAPUT
864 303 1026 359 TERTIUM.

559 408 693 417 μα..-

385 519 483 593 Haec
506 519 645 616 juvenis
667 520 788 617 juveni
813 522 940 595 blande
966 532 1098 598 tentata
1124 533 1307 621 repugnat.

433 642 488 714 Tu
512 642 657 715 cuculus
683 643 808 717 vetitas
833 644 966 741 expetis
992 645 1172 719 illecebras

384 762 450 836 Illa
474 764 644 861 pudicitia
669 765 787 862 sponsi
811 767 1017 862 restringuit
1042 793 1197 840 amorem
1224 776 1259 847 et

433 884 575 958 Semina
599 887 776 984 nequitiae
801 887 1022 984 languidiora
1048 889 1141 964 facit.

383 1007 439 1078 Tu
463 1032 569 1103 quoq.
596 1008 733 1079 lascivis
758 1009 941 1081 oculorum
967 1010 1114 1083 nutibus
1143 1018 1213 1107 atq.

432 1128 624 1201 Obscoenis
648 1129 760 1202 inhias
784 1131 906 1226 undiq.
936 1132 1128 1228 colloquiis.

385 1249 450 1322 llla
476 1251 538 1323 diu
564 1261 655 1326 caste
679 1251 765 1324 vixit
790 1252 920 1326 sociata
944 1254 1070 1327 marito

433 1372 565 1469 Sponte
592 1373 735 1448 studens
759 1374 906 1470 placidis
931 1375 1139 1447 abstinuisse
1165 1375 1278 1448 bonis.

382 1493 554 1567 Lubrioae
580 1505 616 1570 et
640 1496 745 1569 aetati
770 1496 851 1571 satis
876 1497 995 1568 omnia
1019 1506 1096 1570 tuta
1121 1497 1268 1571 timebat

432 1617 487 1689 Tu
511 1617 649 1690 flamnis
675 1619 792 1691 oleum
819 1618 962 1715 subjicis
988 1627 1058 1714 atq.
1087 1619 1187 1691 faces.
1228 1650 1230 1654 ’

383 1738 448 1810 Illa
472 1739 612 1812 cilioaeo
638 1747 775 1812 teneros
801 1739 1007 1836 constringit
1031 1740 1163 1812 amictu

432 1861 541 1935 Artus
566 1871 601 1934 et
625 1886 767 1958 spurcas
793 1861 934 1935 edomat
957 1860 1136 1933 illecebras

388 1983 437 2056 Te
462 1992 517 2058 tot
541 1983 713 2080 proritent
738 1983 935 2057 mulotrslia
960 1992 1047 2079 totq.
1075 1983 1244 2057 fovendae

433 2104 657 2178 Nutrimenta
683 2105 772 2179 cutis
794 2105 914 2177 mollia
939 2104 1139 2179 sollicitant.

383 2227 448 2299 Illa
472 2227 623 2299 humiles
649 2226 804 2298 habiture
830 2251 934 2311 casas,
960 2226 1130 2323 latitareq.
1158 2227 1299 2322 gaudet,

432 2349 487 2421 Tu
512 2347 616 2420 struis
641 2347 758 2444 ampla
783 2348 853 2419 tuis
878 2347 966 2421 atria
991 2347 1119 2420 delitiis

383 2471 518 2544 Tollere
542 2470 651 2542 humo
676 2470 821 2568 victorq.
848 2470 964 2543 virum
989 2470 1133 2543 volitare
1158 2495 1221 2566 per
1246 2495 1318 2556 ora,

432 2592 513 2682 Qua
537 2593 649 2689 possis
675 2601 787 2665 tentas
813 2601 847 2665 te
873 2617 969 2688 quoq
994 2590 1090 2663 mille
1116 2590 1189 2663 vias

375 2714 447 2805 ,ssla
471 2739 672 2787 susmrones
697 2739 738 2787 ex
764 2713 909 2786 aedibus
935 2713 1043 2809 exigit
1065 2712 1126 2785 illa

430 2836 475 2909 Et
499 2837 655 2911 studiosa
680 2835 770 2909 cutis
795 2834 969 2932 mancipia
996 2833 1157 2929 exagitat,

381 2959 436 3032 Tu
461 2960 642 3045 delatores,
670 2956 811 3055 quando
836 2983 908 3029 non
935 2956 1096 3053 protinus
1121 2981 1216 3028 arces

430 3081 559 3166 Initas,
585 3106 604 3154 e
631 3080 710 3153 alits
736 3104 840 3173 segne
867 3078 1077 3151 sodalitium.

431 3324 486 3396 'Pu
510 3325 601 3397 male
624 3323 772 3420 jejunas,
799 3322 899 3419 pejus
923 3321 1043 3417 itemq.
1072 3320 1200 3394 studes.

381 3445 538 3517 Daedalo
564 3454 600 3518 et
624 3444 836 3540 ingeniosior
862 3444 932 3529 illa,
959 3452 994 3516 et
1020 3443 1160 3514 acutula
1185 3450 1260 3515 tota

430 3568 495 3641 Ast
520 3567 586 3641 tibi
611 3552 741 3664 pistillo
768 3566 925 3638 obtusius
949 3564 1133 3661 ingenium
1159 3573 1221 3637 est.

381 3688 580 3785 Asperiorq.
609 3687 745 3784 Schyta,
773 3687 980 3784 praefactior
1005 3711 1075 3783 esq.
1104 3685 1247 3759 Catone.

428 3809 493 3881 Illa
517 3811 671 3882 humana
695 3809 773 3894 fuit,
800 3809 907 3881 comis
933 3818 970 3882 et
994 3807 1149 3905 exposita

380 3931 425 4004 Et
451 3932 578 4004 vocalis
603 3940 676 4004 erat
702 3941 742 4004 tu
767 3955 873 4003 rauco
900 3954 1080 4003 murmure
1108 3928 1253 4000 stridens

428 4052 555 4126 Nescio
582 4079 647 4126 ceu
673 4054 797 4125 oculus
822 4051 909 4148 quid
934 4051 1110 4124 nemorale
1136 4074 1248 4122 sonae.

377 4173 465 4272 lllaq
490 4177 645 4249 vocalem
671 4173 848 4272 superavit
872 4173 1019 4246 Aedone
1044 4198 1128 4246 voce

425 4297 491 4372 Ast
514 4297 579 4369 tibi
606 4321 687 4369 oum
714 4295 825 4369 corvis
851 4295 1013 4369 convenit
1038 4318 1188 4391 egregie,
