3044 4904
481 302 608 360 muron
631 302 843 362 HOOFDS'PUK.

467 647 869 727 APPENDIX.

596 885 740 896 -—-

282 1075 527 1135 nPITAPHIUM
550 1077 585 1135 D.
610 1077 759 1136 ERASMI
780 1076 1045 1137 ROTIlRODAMI.

224 1251 304 1339 Hic,
329 1251 386 1325 hic
410 1250 490 1326 siste
516 1277 638 1350 precor
663 1253 810 1350 gradum
835 1253 956 1340 viator,

224 1374 302 1449 Hoc
328 1400 386 1448 sus
411 1401 581 1450 marmore
605 1377 742 1450 clausus
767 1385 820 1450 est
844 1376 1018 1449 Erasmus.

226 1496 307 1588 Quo
332 1523 413 1571 cum
437 1523 514 1571 rara
534 1498 651 1596 jacent
677 1499 817 1596 sepulta
842 1499 944 1572 dona.

225 1619 321 1694 Felix
346 1619 527 1716 ingenium
551 1621 660 1718 polita
688 1646 785 1709 vena,

224 1740 267 1814 ln
292 1741 439 1816 dicendo
466 1768 574 1817 venus
597 1743 782 1841 peculiaris

225 1863 395 1938 Conditus
420 1866 489 1939 sale
515 1891 627 1940 sermo
653 1891 724 1940 non
751 1891 879 1953 amaro,

226 1985 332 2059 Dulci
356 1987 477 2084 lingua
500 1988 625 2086 triplex
652 1989 763 2062 fluens
788 1989 916 2086 lepore,

216 2107 330 2207 'Pythi
355 2109 538 2182 flexanima
563 2119 599 2184 et
623 2110 778 2184 medulla
804 2110 941 2196 suadae,

226 2230 313 2304 'lam
339 2231 476 2306 solertia
499 2232 606 2305 rebus
631 2232 667 2306 in
693 2231 853 2331 gerendis

228 2349 422 2427 Multarum
448 2353 713 2453 experientiaeq.
741 2379 869 2441 rerum,

228 2474 325 2566 Quas
349 2477 455 2573 longo
481 2477 547 2549 sibi
572 2476 785 2574 comparavit
809 2502 876 2550 usu

227 2596 339 2671 Mirus
364 2598 494 2672 candor
519 2598 719 2696 amabilesq.
747 2624 871 2686 mores,

228 2719 385 2793 Prudens
410 2720 610 2818 simplicitas
634 2720 731 2819 ubiq.
759 2720 896 2819 quidvis

228 2840 388 2916 Flectens
412 2843 449 2915 in
475 2843 602 2916 melius
628 2843 733 2917 modo
759 2842 950 2917 ferendum.

228 2961 379 3062 Insignis
403 2964 523 3063 pietas,
550 2966 695 3064 probata
719 2965 800 3053 vita,

230 3084 417 3185 Conatusq.
444 3086 524 3185 pius
549 3087 616 3185 piis
637 3087 785 3184 juvandi

229 3207 397 3282 Addictos
422 3208 544 3282 studiis
570 3217 605 3283 et
630 3208 804 3296 exerendi,

229 3327 331 3405 Vitae
356 3331 518 3428 dogmata
542 3356 622 3405 vera
647 3331 870 3405 Christianae.

230 3449 312 3525 Huc
337 3460 469 3550 spectat
494 3478 619 3551 scopus
644 3453 801 3527 omnium
826 3455 996 3540 laborum,

231 3572 330 3664 Quos
355 3600 436 3648 mox
461 3601 482 3647 a
506 3575 632 3649 teneris
658 3574 766 3648 obivit
790 3575 900 3661 annis,

232 3693 349 3794 Usque
373 3696 410 3770 in
436 3696 647 3795 decrepitam
672 3698 742 3771 fere
767 3707 941 3772 senectam

231 3815 269 3889 Si
293 3826 347 3891 tot
371 3817 511 3893 dotibus
536 3827 657 3893 auctus
682 3827 751 3916 atq.
779 3828 875 3894 tanta

231 3938 363 4013 Nactus
387 3940 570 4015 commoda
595 3952 725 4039 quanta
749 3941 821 4015 fore
845 3965 1027 4038 nunquam

232 4059 299 4135 Cui
323 4069 445 4136 natura
469 4063 577 4150 dabit,
590 4122 592 4127 Α
605 4062 702 4137 dabit
726 4062 883 4138 Minerva

232 4183 269 4256 Si
294 4193 453 4259 constans
477 4184 809 4282 adamantinumque
835 4192 956 4282 pectus

234 4304 330 4396 Quid
354 4306 511 4406 quamvis
536 4306 721 4404 solidumq,
748 4306 956 4405 floridumq;

1112 4428 1127 4498 l
