3030 4898
560 942 766 1264 bacol
826 1035 1128 1223 martiam.

390 1329 604 1410 caeciliae
646 1327 822 1426 vlrglnls
859 1347 910 1407 ac
928 1328 1148 1428 ‘martyris
1184 1324 1288 1410 vita.

743 1577 937 1589 ...-.-—---

306 1753 405 1976 σθ
433 1827 617 1922 praeclara,
640 1825 767 1921 quibus
793 1825 935 1897 tandem
961 1833 996 1897 te
1020 1824 1184 1897 laudibus
1209 1838 1294 1898 orne

458 1947 601 2020 lustitia
626 1971 670 2018 ne
694 1946 792 2042 pruis
818 1946 941 2049 mirer&
959 1971 1004 2016 an
1030 1945 1236 2041 omnigenae

350 2067 511 2164 Corporis
536 2092 576 2138 ac
601 2066 709 2137 animi
735 2065 860 2138 dotes?
884 2092 928 2137 an
955 2074 991 2139 at
1015 2067 1131 2162 ampla
1156 2068 1328 2141 celebrem

399 2187 592 2261 Commoda
616 2186 785 2273 fortunae,
812 2212 900 2282 quae
926 2185 992 2259 tibi
1017 2187 1254 2284 suppeditant.

349 2312 405 2383 An
431 2307 626 2381 veneranda
649 2314 730 2379 tuae
756 2306 993 2380 Gracchorum
1017 2317 1202 2381 stemmata
1227 2309 1351 2404 gentis,

396 2429 499 2502 Unde
523 2437 625 2501 tuum
655 2438 759 2502 nacta
785 2439 837 2502 est
861 2430 1145 2502 commemorabo
1171 2431 1307 2525 genus?

348 2551 429 2642 Quo
456 2560 560 2625 cantu
586 2549 791 2645 aggrediar?
816 2575 906 2645 quae
932 2550 1044 2648 prima
1069 2550 1209 2623 exordia
1235 2551 1358 2624 suma?
1424 2605 1427 2610 -

395 2671 436 2742 In
467 2679 565 2744 tanta
588 2671 692 2742 turba
716 2670 795 2766 quis
819 2669 908 2742 mihi
932 2671 1011 2743 finis
1037 2671 1127 2744 erit?

346 2791 428 2864 Non
453 2816 518 2887 ogo
545 2817 623 2863 sum
652 2791 735 2864 satis
760 2790 805 2862 ad
830 2798 947 2864 tantae
972 2792 1135 2888 preconia
1159 2793 1272 2866 laudis
1363 2887 1364 2890 Ἴ

396 2913 514 2985 Prima
539 2912 626 2984 feras
651 2911 740 2984 lami
766 2912 921 3007 praemia
944 2914 1133 3009 promerita
1159 2939 1195 2987 es
1214 2920 1244 3003 ²)

346 3033 477 3129 Magna
501 3040 628 3104 canant
651 3032 713 3129 qui
738 3057 866 3128 magna
890 3042 970 3107 tuae
998 3035 1162 3130 preconia
1185 3037 1301 3108 laudis

394 3152 572 3226 Extollent
598 3153 723 3226 merito
749 3154 900 3227 carmine
927 3155 1168 3251 grandiloquo,

346 3275 412 3347 Ast
436 3272 524 3345 mibi
548 3273 673 3369 plebeo
699 3273 812 3345 multa
835 3274 1007 3370 farragine
1032 3286 1132 3371 pasto

397 3394 506 3466 Parva
530 3402 584 3467 sat
608 3394 737 3489 agresti
762 3401 814 3466 est
839 3395 1088 3492 perstrepuissa
1114 3421 1211 3473 sono,

346 3515 426 3589 Hoc
450 3515 538 3587 mibi
563 3540 625 3586 cur
649 3538 798 3600 sumam,
824 3516 990 3612 majoraq,
1017 3516 1149 3589 viribus
1174 3517 1297 3602 ausim,

396 3635 478 3708 Non
504 3644 556 3708 est
579 3633 712 3730 ingenii
737 3634 871 3731 Cymbe
895 3636 1070 3731 gravanda
1094 3636 1174 3709 mei.

347 3755 438 3828 Nam
463 3756 618 3852 primum
644 3780 788 3827 ausurae
813 3764 908 3828 bans
933 3757 1002 3828 alta
1027 3757 1147 3852 ignota
1166 3758 1317 3831 biremos

395 3875 530 3973 Exiquo
554 3883 691 3949 tentant
715 3900 798 3947 mox
823 3877 920 3973 prius
945 3902 1041 3950 arma
1065 3878 1155 3964 lacu,

292 4143 314 4218 ¹)
336 4145 528 4223 Interpnnctio
560 4145 658 4203 misere
691 4145 783 4204 deficit
813 4145 843 4204 in
876 4114 1006 4220 originali
1032 4145 1117 4221 hujus
1140 4146 1283 4216 carminis,
1304 4145 1362 4203 imo
1384 4147 1418 4206 ln

249 4253 309 4305 toto
328 4247 416 4306 libelli
437 4248 565 4306 biblioth.
586 4247 671 4325 Thya.
692 4253 780 4317 textu,
804 4247 877 4307 unde
895 4266 994 4306 sensus
1018 4249 1129 4329 saepius
1150 4250 1253 4328 conjici
1273 4248 1365 4308 debat.
