3044 4904
181 284 228 363 lc
599 304 708 362 orror
732 306 926 363 ammaon.

180 537 234 602 est
265 549 327 626 per
358 550 484 599 manus
516 551 595 600 suns
627 527 851 626 iniquitatem
888 551 953 601 nec
986 527 1155 625 cogitavit
1190 530 1358 603 adversus

181 649 270 723 dum
303 648 526 746 nequissima,
559 649 701 724 dabitur
733 649 828 725 enim
861 649 894 725 ei
926 649 1009 724 fidei
1043 650 1177 723 donum
1202 651 1359 725 electum

181 778 217 844 et
241 794 314 844 sors
337 769 376 842 in
401 769 535 867 templo
560 770 618 845 dei
642 771 890 868 acceptissima.

230 891 358 964 Marah.
385 891 490 964 XIX.
516 889 562 964 Et
593 900 677 965 sunt
701 891 854 965 eunuchi
878 891 941 987 qui
962 890 1093 989 seipsos
1113 899 1353 966 castravcnmt

181 1020 325 1110 propter
347 1035 496 1106 regnum
520 1013 717 1097 coelorum3
746 1013 809 1110 qui
833 1020 949 1109 potest
973 1037 1106 1110 capere,
1134 1012 1266 1110 capiat!

230 1132 261 1205 I
283 1132 401 1204 coria
430 1133 518 1206 VII.
554 1131 627 1222 Qui
661 1133 735 1212 sine
769 1157 876 1206 uxore
903 1140 965 1219 est,
992 1133 1159 1206 sollicitus
1183 1142 1237 1207 est
1262 1156 1355 1229 quae

183 1253 317 1327 domini
342 1263 434 1340 sunt,
461 1251 639 1350 quomodo
665 1254 801 1350 placeat
826 1254 903 1339 deo,
935 1261 971 1326 et
993 1253 1120 1325 mulier
1144 1254 1293 1350 innupta
1318 1263 1357 1328 et

182 1375 280 1472 virgo
312 1376 444 1472 cogitat
477 1399 567 1471 quae
603 1373 668 1446 drii
701 1383 802 1459 sunt;
837 1383 879 1448 ut
913 1373 958 1447 sit
993 1382 1112 1446 sancta
1143 1397 1285 1470 corpore
1319 1382 1358 1447 et

182 1495 316 1594 spiritu.
343 1494 389 1567 Et
413 1520 495 1567 mox
519 1493 673 1567 ibidem:
708 1495 848 1566 Bonum
875 1502 928 1568 est
951 1493 1087 1566 homini
1111 1518 1257 1566 uxorem
1282 1517 1357 1566 non

181 1615 362 1712 attingere.
388 1616 480 1689 Nam
506 1615 611 1688 velim
636 1640 757 1688 ornnes
777 1614 937 1688 homines
958 1638 1031 1687 esse
1052 1623 1094 1687 ut
1113 1624 1149 1688 et
1168 1614 1243 1710 ipse
1261 1638 1355 1690 snm.

182 1738 323 1810 Bonum
359 1745 412 1810 est
444 1736 472 1809 si
505 1739 677 1809 manserit
708 1745 751 1810 ut
785 1744 821 1810 et
855 1759 931 1832 ego.
966 1734 1126 1808 Arbitror
1157 1733 1264 1830 igitur
1287 1734 1356 1808 hoc

181 1858 317 1930 bonum
349 1882 424 1931 esse
457 1865 600 1954 propter
632 1865 828 1953 presentem
857 1855 1113 1940 necessitatem,
1146 1880 1230 1927 nam
1254 1855 1356 1929 bonu

183 1986 236 2052 est
260 1977 397 2051 homini
418 1977 467 2050 sic
487 2002 571 2063 esse,
597 1978 664 2050 hoc
686 1986 749 2050 aut
768 1977 814 2050 ad
833 1977 871 2050 id
892 1976 989 2073 quod
1009 1975 1112 2048 nobis
1133 1975 1355 2050 conducibile

182 2107 245 2185 est,
281 2096 370 2185 dico,
403 2123 476 2172 non
511 2097 566 2172 uti
598 2099 765 2195 laqueum
790 2099 888 2175 vobis
913 2096 1077 2193 injiciam,
1105 2097 1166 2169 sed
1189 2106 1230 2171 ut
1255 2097 1354 2194 quod

181 2220 367 2294 honestum
388 2228 441 2293 est
461 2243 501 2292 ac
522 2218 689 2292 decorum
711 2219 905 2317 sequamini
926 2227 962 2292 et
982 2216 1194 2292 adhaereatis
1207 2217 1353 2290 domino

181 2341 277 2437 absq.
307 2341 382 2412 ulla
406 2338 638 2427 distractione,
666 2347 820 2414 attamen
845 2340 979 2413 beatior
1005 2348 1057 2412 est
1083 2338 1112 2411 si
1138 2339 1186 2411 sic
1212 2347 1355 2412 maneat

179 2460 280 2557 juxta
302 2485 418 2534 meam
443 2460 660 2535 sententiam.
686 2461 822 2558 Opinor
845 2469 964 2535 autem
985 2484 1019 2557 q.
1042 2460 1171 2555 etipse
1191 2458 1354 2556 spiritum

181 2580 239 2654 dei
262 2580 420 2654 habeam.

231 2704 370 2795 Apoeal.
397 2701 540 2775 XIIII.
567 2699 617 2773 Hi
642 2709 725 2774 sunt
749 2700 813 2798 qui
838 2726 920 2775 cum
945 2701 1151 2775 mulieribus
1172 2726 1244 2775 non
1265 2711 1352 2776 sunt

183 2821 409 2919 coinquinati,
451 2822 602 2918 virgines
638 2823 732 2895 enim
774 2832 866 2908 sunt,
908 2823 946 2895 hi
979 2833 1174 2920 sequuntur
1218 2847 1352 2919 agnum

185 2966 411 3040 quocumque
436 2941 525 3028 ierit,
552 2950 588 3016 et
612 2942 687 3015 sine
711 2943 849 3016 macula
873 2953 957 3017 sunt
981 2952 1062 3017 ante
1082 2943 1245 3016 thronum
1268 2942 1349 3015 Dei.

234 3240 252 3330 ὁ
278 3237 312 3313 2.
338 3231 472 3313 Selecta
497 3232 632 3336 aliquot
662 3242 819 3314 veterum
852 3233 1125 3312 orthodoxorum
1149 3233 1351 3310 testimonia

184 3384 246 3458 per
270 3359 441 3433 Alardum
466 3360 783 3433 Amstelredamum
810 3367 939 3433 coacta.

233 3652 411 3749 Origenes,
437 3649 475 3724 in
499 3647 643 3724 homilia
666 3648 704 3722 in
729 3649 902 3724 Numeros
926 3647 1105 3722 vicesima:
1131 3646 1276 3722 Certum
1296 3657 1355 3723 est

185 3773 347 3872 impediri
383 3771 587 3845 sacrificium
622 3770 820 3844 indesinens
853 3771 897 3842 ab
929 3770 972 3842 iis
1006 3769 1067 3866 qui
1091 3769 1353 3843 necessitutibus

128 3945 133 3955 .
186 3891 427 3989 conjugalibus
459 3890 636 3976 inserviat,
670 3891 765 3964 unde
798 3890 884 3964 mihi
907 3890 1045 3964 videtur
1069 3916 1102 3987 q.
1128 3890 1220 3963 illius
1245 3890 1353 3963 solius

187 4023 241 4089 est
272 4014 395 4087 offerre
428 4012 633 4086 sacrificium
665 4011 873 4098 indesinens,
900 4011 962 4108 qui
984 4011 1194 4084 indesinenti
1217 4019 1254 4084 et
1275 4036 1352 4108 per-

185 4145 311 4234 petuae
335 4161 372 4209 se
397 4134 543 4208 devovet
566 4133 724 4208 castitati.

235 4256 336 4332 Idem
361 4255 399 4328 in
423 4254 534 4354 Epist.
560 4255 606 4327 ad
629 4255 733 4328 Rom.
756 4254 840 4352 Oap.
862 4252 898 4326 H
920 4253 972 4327 Li„
994 4253 1040 4327 Π.
1062 4252 1162 4326 Idem
1181 4251 1219 4325 in
1240 4252 1352 4326 cande
