3044 4904
600 320 708 376 carun
733 320 909 389 cunarum

756 426 1336 442 ——ss—-Q

251 592 304 670 ¹D.
325 592 489 651 THOMAE
509 591 655 651 DIDYMI
676 591 923 651 COHORTATIO
944 591 998 650 AD
1019 592 1247 654 APOSTOLOS.

705 686 807 746 'Eamus
823 695 850 744 in
867 693 982 745 iudaeam
999 696 1096 747 iterum.
1129 697 1185 748 sees
1202 698 1244 758 xl,
1264 698 1305 750 lc.

269 824 361 896 Tum
387 823 541 921 Didymo
569 821 695 896 exarsit
717 822 847 895 Tomae
873 823 965 896 calor
990 823 1125 895 ossibus

269 946 315 1020 Ilt
338 945 453 1043 pudor
476 945 632 1019 incendit
655 944 743 1018 vires
769 954 804 1019 et
828 945 964 1019 conscia
988 945 1107 1020 virtus.

269 1068 374 1141 Venit
398 1093 505 1155 amor,
532 1067 680 1164 subitaq.
707 1066 865 1139 animum
891 1066 1074 1139 dulcedine
1098 1066 1209 1140 movit

269 1189 446 1287 Incessitq.
474 1190 577 1267 simul
600 1188 772 1262 moriendi
796 1214 934 1263 summa
958 1188 1097 1286 cupido.

268 1312 328 1385 Nil
352 1312 488 1399 metuit,
514 1313 645 1408 vitamq
671 1311 768 1410 cupit
792 1336 855 1409 pro
880 1320 992 1386 morte
1016 1310 1155 1409 pacisci.

268 1434 452 1524 Quidlibet
476 1459 516 1507 ac
540 1434 690 1531 perferre
716 1442 841 1531 potest,
867 1433 950 1531 quia
975 1459 1075 1533 posse
1099 1434 1249 1509 videtur.

267 1556 373 1647 Haud
406 1557 568 1654 equidem
598 1556 671 1629 sine
696 1564 813 1629 mente
839 1581 926 1643 reor,
953 1556 1026 1629 sine
1050 1556 1184 1629 lumine
1211 1549 1343 1632 diuum

265 1677 417 1776 Insignis
441 1679 552 1752 forme
575 1678 759 1776 Didymus,
785 1677 912 1776 viridiq
934 1679 1080 1775 juventa

264 1802 357 1874 Ante
383 1801 468 1874 alios
492 1826 619 1898 magno
646 1801 773 1876 Christi
798 1802 978 1898 perculsus
1002 1827 1120 1877 emere

264 1922 395 1998 Haeret
419 1924 644 2022 inexpletum,
664 1931 693 2014 1)
720 1949 792 1998 non
817 1924 1034 2001 divellendae
1059 1924 1188 1997 abillo

264 2045 323 2118 Sin
348 2046 485 2143 placida
509 2047 629 2123 charos
655 2045 780 2123 affatur
805 2071 889 2123 vnce
914 2046 1057 2123 sodales.
1077 2052 1107 2137 1)

267 2165 373 2239 Hunc
398 2193 442 2242 ne
468 2168 555 2241 deus
580 2168 707 2243 nostrie
731 2167 890 2245 ardorem
915 2168 1091 2247 mentibus
1117 2166 1215 2242 addit

263 2288 452 2386 Collegae?
476 2315 520 2363 an
545 2315 608 2362 sua
633 2290 723 2387 cuiq.
750 2289 848 2362 Deus
873 2289 919 2364 sit
943 2290 1019 2362 dira
1045 2289 1173 2387 cupido

262 2413 336 2485 Aut
360 2422 472 2486 morte
497 2419 558 2485 eut
582 2412 714 2509 aliquid
736 2412 947 2509 jamdudum
972 2412 1134 2486 invadere
1158 2423 1292 2507 magns]

263 2533 365 2606 Mens
391 2534 499 2631 agitet
524 2535 671 2622 Christo,
698 2535 793 2607 haud
817 2534 944 2632 placita
969 2544 1131 2611 contenta
1156 2533 1273 2631 quiete

263 2660 281 2747 t
306 2655 434 2729 Eamus
460 2666 593 2746 etune,
619 2666 660 2732 ut
684 2655 874 2731 moriemur
898 2681 980 2729 cum
1005 2681 1046 2730 eo
1075 2656 1169 2749 (luds
1193 2655 1261 2748 XI)

262 2777 370 2851 Haud
395 2804 493 2853 secus
517 2805 557 2855 ae
579 2779 667 2877 jussi
691 2779 866 2866 faciamus,
894 2803 1023 2865 eumue,
1051 2788 1087 2854 et
1110 2779 1202 2852 ultro

262 2900 540 2975 Commoriamur
565 2902 608 2988 ei,
635 2910 708 2976 tote
734 2900 827 2997 quod
855 2910 972 2974 mente
997 2899 1144 2998 cupiscit

262 3023 377 3122 Quoq.
403 3033 505 3098 vocat
528 3033 703 3098 vertamus
727 3023 802 3109 iter,
830 3048 1009 3129 propereq3
1037 3024 1197 3110 feramur,

261 3145 466 3242 Cedamusq.
493 3145 584 3232 duci,
610 3156 645 3220 et
669 3144 794 3219 moniti
818 3146 961 3220 meliora
985 3170 1180 3243 sequamur.

262 3267 334 3357 Qui
367 3268 554 3365 sequimur,
588 3267 779 3341 meriamur
807 3276 842 3341 et
866 3267 903 3340 in
929 3268 1043 3341 media
1068 3293 1162 3340 arma
1187 3291 1332 3341 ruamus

262 3389 369 3463 Haud
401 3389 545 3462 dubiem
574 3389 612 3462 in
637 3400 785 3464 mortem
811 3399 916 3487 caput
940 3389 1155 3486 obJ'ectemus
1180 3397 1329 3487 oportet.

260 3511 344 3609 Usq.
371 3511 458 3585 adeo
483 3511 641 3585 nemori
666 3512 830 3586 miserum
856 3514 932 3586 est?
955 3537 1041 3584 num
1062 3520 1185 3610 sponte
1206 3520 1331 3609 suapte

260 3634 303 3707 In
328 3642 476 3708 m01tem
503 3660 539 3708 se
563 3634 624 3708 dat
649 3634 769 3732 coeliq.
796 3634 895 3732 soliq.
922 3635 1110 3707 monarcha

260 3755 306 3831 llt
330 3756 532 3830 dubitamus
557 3757 670 3830 adhue
695 3756 871 3830 crudelem
897 3757 1102 3830 occumbere
1126 3765 1277 3829 mortem

205 3923 206 3926 =
262 3878 412 3968 Quando
437 3879 526 3953 mori
549 3888 667 3954 noster
691 3879 855 3952 dominus
879 3879 1035 3976 statuitq.
1063 3877 1192 3976 cupitq.

261 4001 358 4091 Quid
381 4001 509 4075 facient
533 4002 621 4076 servi
646 4001 808 4074 dominus
834 4027 915 4074 cum
941 4001 1023 4076 talia
1047 4001 1182 4077 tentet?

260 4123 358 4213 Quid
383 4133 587 4199 cunctamur
612 4150 694 4198 eum
719 4124 878 4197 comitari
903 4125 940 4197 in
965 4124 1094 4222 praelia
1119 4131 1260 4197 euntem

205 4345 227 4425 ¹)
250 4347 350 4405 Haeret
370 4345 540 4424 inexpletum
562 4348 580 4406 i.
602 4368 625 4406 e.
648 4346 821 4426 propositum
842 4347 980 4407 aliorum?
