3044 4904
182 270 228 344 26
597 292 705 345 aanor
738 291 931 347 sncnnnou.

180 510 307 585 iterum
332 509 417 584 dicit
441 535 513 583 non
539 509 658 607 nuptis
684 518 721 583 et
746 509 877 581 viduis:
906 509 1045 582 Bonum
1071 519 1124 584 est
1147 508 1219 583 illis
1243 508 1277 583 si
1303 509 1353 583 sio

182 640 347 706 maneant
360 633 450 705 sicut
463 642 498 707 et
519 658 584 729 ego
595 666 603 717 ;
626 633 705 705 volo
726 656 789 704 vos
808 630 1009 705 imitatrices
1030 656 1103 706 esse
1124 632 1216 707 tanti
1236 633 1352 731 Apos-

180 754 255 841 toli,
281 763 322 828 ut
354 754 462 827 vitam
488 755 564 852 ejus
589 766 748 850 sequami
776 752 839 850 qui
864 753 1007 850 conjugi
1037 753 1182 826 vinculo
1205 754 1349 851 refugit,

180 887 221 952 ut
253 875 390 949 vinctus
431 884 521 949 esset
553 875 683 949 Christi
715 874 819 960 lesu;
861 899 934 947 non
968 874 1139 972 potuisset
1170 874 1216 947 ad
1251 884 1352 950 canu

178 998 404 1095 Apostolatus
447 997 501 1069 sui
540 997 717 1093 pervenire
763 996 920 1092 gratiam,
968 995 997 1068 si
1028 995 1149 1069 brisset
1184 996 1351 1092 alligatus

183 1118 337 1215 conjugii
361 1118 600 1192 contubernio.
629 1117 735 1207 Quod
760 1117 788 1189 si
812 1117 872 1190 ille
897 1116 959 1215 qui
984 1126 1020 1191 et
1052 1115 1210 1191 doctrina
1234 1143 1351 1215 praes·

180 1239 392 1314 tentissimus
427 1248 510 1325 erat,
545 1251 580 1312 et
614 1247 751 1339 tantum
786 1238 913 1312 Christi
942 1238 1040 1311 donn
1064 1239 1225 1324 habebat,
1258 1239 1350 1312 iudi·

179 1361 271 1432 cavit
304 1360 392 1432 tanti
425 1360 595 1434 momenti
628 1385 701 1433 esse
734 1360 763 1431 si
801 1359 990 1433 abstineret
1022 1360 1066 1432 ab
1099 1385 1167 1433 usu
1199 1361 1350 1457 copulae

178 1481 369 1577 conjugalis
403 1492 438 1557 et
475 1482 554 1554 ideo
593 1482 641 1553 sic
679 1481 807 1554 mansit
844 1489 884 1553 ut
920 1481 1078 1577 plurimu
1110 1506 1173 1554 suo
1209 1482 1350 1555 muneri

179 1604 394 1699 decrepetur,
430 1629 463 1699 q.
498 1627 577 1698 neq.
613 1602 761 1676 orationi
795 1627 915 1675 vacare
949 1626 1087 1699 semper
1110 1602 1240 1689 liceret,
1265 1628 1347 1701 neq.

179 1749 316 1820 semper
348 1724 473 1796 divinis
506 1723 685 1797 intendere
720 1723 893 1797 mandatis
926 1748 1034 1820 quem
1073 1722 1229 1821 conjugii
1266 1749 1350 1797 cnra

178 1853 365 1930 revocaret,
391 1853 432 1918 ut
458 1846 608 1941 placeret
633 1843 733 1915 uxori
760 1851 850 1916 esset
871 1867 1021 1929 necesse,
1045 1843 1141 1940 quod
1168 1843 1257 1940 utiq.
1283 1869 1351 1917 nos

179 1966 305 2062 eligere
318 1975 469 2062 ‘oportet
494 1965 621 2060 quibus
643 1964 715 2036 sola
738 1963 916 2059 virginitas
936 1964 1096 2039 libertate
1116 1964 1348 2060 darepotest;

179 2087 414 2160 Theodericus
448 2087 608 2183 Cyrensis
643 2085 844 2182 Episcopus,
871 2086 915 2158 de
941 2084 1119 2159 curatione
1144 2109 1350 2181 graecamm

178 2208 402 2280 affectionum
428 2206 492 2278 Lib
514 2208 578 2280 Ill.

229 2330 357 2402 Beatus
382 2328 572 2423 fulgentius
594 2328 638 2399 ad
659 2328 808 2400 Probam
831 2328 875 2400 de
896 2327 1093 2423 virginitate
1117 2326 1159 2399 D.
1183 2325 1352 2400 Ilraamus

179 2450 255 2522 Lib.
283 2449 337 2521 III
363 2459 398 2524 et
422 2449 494 2520 IIII
518 2448 753 2522 Ecclesiastae.

228 2570 387 2642 Judoous
411 2569 612 2642 Clithoveus
636 2570 673 2641 in
700 2569 965 2665 propugnaculo
1000 2567 1182 2653 Ecclesiae,
1209 2567 1275 2640 Lib
1301 2569 1350 2643 Π

180 2691 239 2761 Ca.
274 2689 338 2762 III.
374 2699 409 2763 et
442 2689 502 2761 VI.
538 2700 573 2762 et
605 2689 790 2786 praecipue
825 2688 1043 2761 CXXXII.
1075 2687 1174 2761 Idem
1200 2688 1236 2760 iu
1263 2689 1352 2762 anti·

179 2811 332 2885 Luthcro
358 2811 450 2884 LIII.
478 2810 515 2884 C.
543 2810 642 2883 XXI.
669 2811 731 2883 Ide
756 2811 800 2884 de
823 2811 927 2883 laude
952 2809 1164 2884 monasticae
1188 2808 1289 2883 vitae.

623 3069 901 3150 EXEMPLA.

230 3288 371 3360 Ambro
399 3287 475 3360 Lib.
503 3287 546 3359 de
572 3286 764 3382 virginibus
791 3285 924 3382 primo:
951 3284 1019 3356 Sed
1044 3283 1148 3357 etiam
1175 3283 1298 3355 Helias
1317 3289 1349 3372 1)

31 3416 35 3421 ’
180 3409 286 3483 nullis
319 3408 471 3505 corporis
506 3409 618 3481 coitus
652 3409 755 3481 fuisse
790 3406 983 3504 permixtus
1016 3404 1266 3501 cupiditatibus
1301 3404 1352 3476 in·

181 3531 328 3615 venitur,
362 3530 442 3601 ideo
477 3554 558 3624 ergo
593 3554 698 3601 curru
721 3537 842 3625 raptus
867 3527 911 3598 ad
937 3525 1084 3611 coelum,
1111 3523 1190 3597 ideo
1218 3537 1264 3597 ou
1289 3523 1350 3597 do·

180 3654 277 3726 mino
304 3661 448 3749 apparet
471 3651 508 3723 in
533 3650 652 3746 gloria,
679 3650 764 3721 Ideo
792 3647 959 3720 dominici
983 3656 1151 3719 venturus
1176 3654 1228 3719 est
1252 3669 1350 3740 prae·

181 3799 299 3847 cursor
330 3773 509 3845 adventus.
553 3771 598 3844 Et
637 3770 747 3842 Maria
779 3793 921 3841 sumens
957 3767 1152 3863 timpanum
1192 3764 1350 3861 virgineo

180 3866 315 3992 pudore
341 3895 463 3966 choros
488 3892 597 3976 duxit,
621 3891 690 3963 Sed
716 3890 930 3963 considerate
953 3888 1053 3985 cujus
1074 3894 1134 3959 tuo
1156 3886 1216 3958 illa
1237 3885 1352 3982 specie

181 4017 332 4113 gerebat,
355 4027 445 4087 none
468 4013 742 4100 ecclesiasticae?
763 4036 852 4108 quae
873 4010 1051 4106 rehgiosos
1071 4007 1195 4105 populi
1215 4014 1346 4093 coetus,

225 4272 247 4349 ¹)
269 4271 354 4329 Elias.
