3044 4904
261 299 307 376 20
675 321 784 379 carun
809 330 1003 382 snouruun.

655 433 829 441 ——-—-

258 542 408 614 audiunt
428 567 489 638 per
510 544 657 630 Esaiam,
681 570 713 642 q.
737 571 800 642 pro
821 547 901 619 filiis
922 558 957 621 61
977 548 1114 621 filiabus
1135 548 1252 622 locum
1271 549 1432 624 incaelis

256 663 408 738 habeant
428 673 599 761 paratum,
622 667 759 740 Horum
783 677 885 765 typus
908 677 960 741 est
975 668 1210 742 Abdemelech
1234 670 1431 746 Eunuchus

255 785 292 857 in
318 786 498 859 Hieremia
523 798 559 862 et
583 789 691 884 spado
718 789 776 861 ille
801 790 942 885 reginae
968 790 1127 862 candacis
1152 791 1188 862 in
1214 792 1312 864 Actis
1336 796 1429 890 Apo.

255 907 317 1003 qui
352 908 397 978 ob
430 909 538 980 robur
570 909 653 982 fidei
678 909 743 981 viri
769 910 925 983 obtinuit
949 936 1088 983 nomen.
1116 912 1173 983 Ad
1198 913 1264 984 hoc
1290 923 1324 986 et
1351 914 1430 989 Clo·

253 1053 353 1100 mens
398 1054 573 1102 successor
605 1031 766 1127 Apostoli
807 1031 901 1105 Petri
935 1032 1035 1128 cujus
1073 1032 1202 1104 Paulus
1236 1035 1431 1130 Apostolus

254 1151 426 1236 meminit,
453 1151 573 1225 scribit
598 1153 770 1248 epistolas’
794 1177 969 1248 omnemq.
993 1177 1083 1248 pene
1105 1178 1300 1227 sermonem
1323 1181 1429 1228 suurn

255 1272 299 1344 de
332 1272 539 1368 virginitatis
572 1274 724 1370 puritate
762 1274 951 1359 contexuit,
988 1283 1024 1348 et
1050 1300 1078 1347 6.
1099 1281 1128 1365 1)
1155 1274 1218 1348 Ida
1248 1276 1285 1347 in
1318 1277 1430 1351 illud:

253 1393 383 1467 Mulier
406 1395 556 1491 innupta
577 1404 612 1469 61
636 1396 733 1491 virgo
759 1394 890 1491 cogitat
915 1420 1004 1491 quae
1030 1395 1164 1468 domini
1189 1406 1288 1470 sunt:
1317 1397 1427 1488 Quod

253 1525 370 1589 autem
396 1516 446 1590 ait
470 1516 620 1589 Crescite
647 1524 682 1589 et
706 1516 989 1613 multiplicamini
1015 1527 1052 1590 ot
1076 1518 1208 1614 replete
1233 1526 1334 1605 tens,
1366 1545 1427 1593 ne·

252 1662 344 1709 cesse
370 1636 438 1711 fuit
463 1637 560 1733 prius
584 1637 741 1734 plantare
767 1638 899 1734 sylvam
925 1647 1147 1725 6161616616,
1184 1649 1339 1714 11161161
1365 1642 1425 1738 qd'

250 1770 371 1855 postea
403 1767 520 1855 posset
554 1759 677 1844 excidi,
712 1759 850 1855 simulq.
887 1759 1138 1832 consideranda
1166 1762 1219 1833 vis
1245 1762 1361 1834 verbi:
1390 1772 1426 1836 61

250 1882 380 1977 replete
414 1890 552 1954 terram.
589 1881 742 1977 Nuptiae
776 1890 902 1954 terram
935 1882 1082 1978 replent,
1118 1882 1299 1978 virginitas
1324 1883 1426 1956 Para·

251 2003 376 2075 disum.

298 2124 418 2196 Hier0.
468 2124 631 2196 adversus
673 2124 898 2196 Helvidium:
939 2123 1119 2214 Quamdiu
1166 2124 1222 2197 lex
1255 2125 1316 2197 illa
1348 2151 1425 2222 per·

248 2247 394 2319 mansit:
423 2247 573 2320 Crescite
601 2257 635 2320 61
660 2246 945 2342 multiplicamini
970 2255 1006 2319 et
1025 2247 1156 2342 replete
1179 2256 1269 2319 terra
1291 2256 1327 2321 et
1352 2273 1424 2319 ma-

247 2368 377 2441 ledicta
411 2368 535 2441 sterilis
562 2394 651 2464 quae
677 2380 723 2439 no
749 2367 841 2463 parit
874 2393 992 2440 semen
1019 2367 1055 2439 in
1082 2367 1205 2439 Israel:
1240 2369 1425 2442 nubebant

247 2515 368 2561 omnes
404 2499 438 2562 et
473 2489 707 2574 nubebantur,
757 2498 793 2562 et
826 2487 998 2561 derelictis
1045 2489 1248 2584 parentibus
1289 2491 1424 2563 fiebant

248 2637 320 2683 una
353 2637 442 2684 caro.
476 2611 602 2702 Quado
632 2636 712 2683 vero
738 2636 805 2681 vox
831 2610 892 2682 illa
915 2610 1075 2706 pronuit:
1111 2611 1264 2708 Tempus
1288 2612 1422 2684 brevia-

246 2742 324 2806 tum
361 2743 422 2818 611,
458 2733 633 2829 reliquum
667 2742 720 2805 est
754 2731 815 2827 qui
848 2732 954 2804 habet
989 2756 1112 2804 uxores
1147 2732 1197 2804 sic
1223 2731 1294 2806 sint
1318 2733 1420 2829 quasi

245 2880 316 2927 non
342 2856 503 2941 habeant,
536 2855 741 2927 adherentes
776 2854 846 2925 dno
880 2878 972 2924 unus
998 2878 1078 2924 cum
1105 2878 1146 2926 eo
1173 2854 1331 2927 offiamus
1352 2855 1422 2951 spi-

244 2977 333 3050 ritus
367 2988 403 3051 et
437 2977 569 3074 quare?
605 2976 699 3067 Quia
734 2974 1422 3071 1]11111116111ο16611.616.1116111111-

245 3124 363 3171 versus
390 3100 540 3172 eundem
570 3099 646 3170 Hoc
673 3106 725 3170 est
752 3123 784 3194 q.
825 3097 1017 3194 Apostolus
1043 3097 1193 3171 breviter
1219 3097 1355 3172 Christo
1381 3099 1421 3171 in

244 3246 281 3293 se
305 3222 482 3317 loquente,
519 3228 666 3294 testatus
692 3231 763 3294 est:
799 3220 953 3316 Innupta
979 3219 1111 3314 cogitat
1135 3244 1224 3315 quae
1252 3219 1309 3291 dei
1334 3230 1422 3295 sunt

246 3342 424 3439 quomodo
450 3343 587 3439 placeat
612 3341 690 3426 dec,
713 3349 825 3438 nupta
847 3366 928 3414 vero
951 3340 1081 3436 cogitat
1093 3366 1182 3437 quae
1197 3349 1280 3414 sunt
1292 3342 1422 3414 mundi

245 3463 423 3560 quomodo
456 3464 592 3560 placeat
626 3463 711 3547 viro,
747 3463 849 3535 nobis
883 3487 988 3558 super
1011 3462 1078 3534 hoc
1104 3487 1268 3558 campum
1292 3461 1420 3535 intelli-

245 3587 384 3681 gentiae
410 3585 663 3681 derelinquens.
699 3582 786 3679 Neq.
814 3592 931 3656 tamen
958 3582 1062 3654 aliam
1087 3581 1327 3654 necessitatem
1354 3581 1420 3655 im-

244 3709 347 3804 ponit
382 3717 444 3781 aut
475 3709 641 3803 laqueum
676 3704 737 3777 sed
770 3704 808 3776 id
845 3704 941 3800 quod
974 3704 1161 3775 honestum
1196 3711 1249 3776 est
1281 3703 1418 3789 suadet,

245 3830 365 3901 volens
388 3854 508 3901 omnes
531 3853 604 3901 esse
626 3827 717 3898 sicut
739 3826 906 3922 seipsum.
930 3824 976 3898 Et
996 3829 1127 3920 quand.
1151 3825 1194 3896 de
1215 3823 1418 3919 virginitate

246 3951 381 4022 domini
406 3959 631 4047 praeceptum
665 3959 712 4021 no
746 3947 882 4031 habeat,
918 3946 1001 4042 quia
1034 3946 1126 4018 ultra
1158 3945 1318 4018 homines
1353 3954 1419 4032 est,

245 4083 280 4146 61
306 4072 528 4169 quodamodo
554 4069 788 4167 imprudentis
814 4077 887 4142 erat
911 4068 1076 4140 adversus
1096 4076 1257 4141 naturam
1280 4090 1420 4162 cogere,

287 4331 408 4409 ¹)c:
430 4332 474 4393 ct?
