3044 4904
607 275 716 337 catur
742 275 918 354 cumcurl.

278 501 403 576 llluvie
427 505 565 602 perlusa
589 504 680 591 vide,
707 505 880 602 perfusaq.
908 505 988 579 tabe

326 625 397 699 Ora
420 626 518 698 labra
543 633 578 699 et
602 652 679 700 cera
703 626 887 725 pallidiora
911 652 1002 700 nova

167 808 171 817 .
278 746 523 845 Convrdsamq.
552 774 659 820 manu
684 749 837 822 violenta
861 748 994 846 respice
1018 748 1163 821 barbam

328 869 489 941 Membra
515 870 618 942 simul
644 870 753 965 glacie
779 870 958 967 friqidiora
984 870 1063 943 vide

277 989 452 1087 Impaotos
477 991 652 1088 colaphos,
673 991 825 1064 nodosae
852 1001 888 1066 et
912 992 1092 1064 arundinis
1116 991 1208 1067 ictus

327 1111 488 1185 Incussos
514 1113 620 1210 capiti
645 1113 776 1211 milleq.
803 1114 911 1210 flagra
938 1113 1028 1187 data.

279 1233 442 1307 Liventes
468 1243 543 1307 atro
568 1243 687 1332 specta
710 1235 869 1331 squalore
893 1235 1039 1307 lacertos

327 1354 519 1452 Sulcatosq.
546 1364 642 1428 artus
666 1355 809 1428 funibus
833 1357 981 1430 intuere.

277 1475 467 1573 Diduotoq.
495 1476 574 1550 vide
599 1477 813 1574 patefactum
838 1487 960 1574 pectus
985 1477 1084 1550 hiatu

328 1597 501 1670 Perfossos
527 1598 631 1670 clavis
656 1624 738 1670 oum
764 1599 959 1696 manibusq.
987 1599 1094 1695 pedes

278 1717 328 1792 Ut
352 1728 486 1792 taceam
511 1720 687 1817 geminata
712 1720 803 1801 truci
828 1720 980 1794 convitia
1003 1719 1125 1816 lingua

328 1840 427 1930 Quae
453 1842 557 1914 simul
583 1841 736 1927 infamat,
765 1867 854 1938 quae
880 1841 985 1914 simul
1010 1841 1218 1914 excruciant.

279 1961 471 2035 Outinam
497 1989 614 2060 posses
640 1964 759 2036 oeulos
785 1964 821 2036 in
846 1973 970 2060 pectus
995 1973 1097 2038 acuta

328 2084 480 2181 Cuspide
505 2085 690 2182 trajectum
717 2085 772 2157 vel
797 2085 920 2181 procul
946 2085 1105 2158 inserere.

279 2205 324 2278 Et
347 2215 503 2281 mentem
528 2207 661 2304 patriae
686 2207 826 2304 pictatis
852 2207 967 2302 imago
994 2207 1126 2280 subiret

326 2327 427 2401 Intus
453 2339 487 2403 et
512 2353 678 2426 angorem
704 2329 791 2426 quid
815 2329 902 2403 lates
928 2329 1107 2426 aspiceres.

280 2449 449 2539 Quotidie
475 2451 613 2524 sceleris
639 2450 750 2523 scelus
775 2452 996 2524 accumulare
1021 2451 1170 2548 puderet

326 2570 480 2644 Vulnera
506 2573 549 2645 ab
574 2572 710 2668 integro
736 2572 775 2644 ni
799 2597 964 2645 renovare
990 2573 1088 2646 noles

279 2693 380 2783 Quae
404 2718 549 2767 renovas
575 2695 712 2791 quoties
737 2695 893 2768 ablutam
920 2695 1089 2792 sanguine
1105 2704 1233 2774 ,nostro

327 2815 543 2913 Conspuroas
568 2816 722 2888 animam
748 2842 810 2914 per
835 2817 982 2913 capitale
1007 2816 1070 2889 nef
1106 2875 1113 2889 .

359 3159 419 3222 ΒΗ
440 3160 519 3222 Hnr
539 3159 672 3222 BEELD
688 3159 771 3222 VAN
791 3158 873 3221 DEN
894 3158 1171 3222 GEKRUISIGDE.

229 3314 465 3389 Aanschouwt
485 3314 569 3387 daar
580 3315 640 3389 het
652 3314 1008 3412 huiveringwekkend
1022 3311 1355 3410 vooroverhangend

181 3437 298 3523 hoofd,
326 3437 387 3510 dat
410 3446 484 3510 met
508 3437 660 3510 duizend
685 3439 840 3511 doornen
866 3438 896 3509 is
917 3437 1123 3524 omkroond,
1146 3437 1270 3510 zoodat
1289 3435 1353 3510 het

180 3558 372 3632 voorhoofd
393 3558 506 3632 wordt
527 3560 806 3632 overschaduwd.
830 3560 1065 3634 Aanschouwt
1086 3559 1130 3631 de
1142 3558 1352 3631 besmeurde

181 3705 305 3777 oogen,
343 3680 412 3753 hoe
450 3681 490 3777 aij
527 3706 593 3753 van
627 3681 732 3754 blocd
758 3682 985 3779 overloopen;
1020 3681 1244 3753 aanschouwt
1273 3681 1354 3752 -ook

179 3802 240 3875 het
272 3802 386 3898 gelaat
410 3827 454 3875 en
488 3803 544 3875 die
578 3828 736 3899 wangon,
772 3812 845 3877 met
873 3803 1031 3900 speeksel
1056 3800 1243 3885 overdekt;
1271 3825 1353 3873 aan-

181 3923 339 3996 schouwt
375 3924 497 3996 verder
534 3923 576 3996 de
609 3923 730 4021 lippen
765 3949 808 3997 en
843 3924 911 3996 den
944 3923 1063 4008 mond,
1098 3930 1171 3995 met
1194 3921 1269 3995 vuil
1293 3922 1355 3996 be-

182 4046 324 4118 smeurd
358 4070 401 4118 en
430 4045 571 4118 bleeker
600 4045 669 4118 dan
695 4046 834 4118 versche
859 4071 938 4117 was.
966 4045 1059 4117 Ach!
1088 4044 1230 4118 hocveel
1254 4068 1355 4117 meer

180 4167 284 4262 iser
320 4191 392 4263 nog
429 4176 464 4240 te
500 4168 777 4240 aanschouweni'
815 4167 869 4240 De
908 4166 1015 4238 baard
1052 4167 1134 4241 met
1158 4164 1354 4262 geweldige

180 4288 275 4361 hand
312 4288 568 4384 uitgetroklren
604 4290 660 4380 de
700 4289 897 4363 ledemateu
935 4288 1071 4361 kouder
1108 4288 1176 4361 dan
1213 4287 1266 4384 ijs,
1304 4287 1354 4365 de
