3030 4898
249 281 293 354 18
659 300 766 359 carun
799 297 990 358 sncuuuun.

162 535 168 545 ·
244 519 279 590 li.
301 525 330 608 1)
363 518 426 591 IX.
462 518 561 592 Idem
586 519 625 593 L.
652 521 779 594 homel.
815 521 852 593 in
884 522 985 595 Lavit
1017 521 1089 593 XII
1114 530 1150 595 et
1175 520 1296 599 Josue.
1323 525 1415 601 item

244 639 392 711 Basilius
425 640 462 711 in
488 640 575 712 Psal.
609 641 757 715 XLIIII.
791 642 890 716 Idem
924 643 961 714 in
995 642 1208 741 prinoipium
1243 646 1412 721 Proverb.

242 760 303 833 Ide
327 760 364 831 in
391 761 629 835 exhortatione
655 761 700 834 ad
723 763 902 858 baptisma
934 770 970 835 et
996 762 1032 835 li.
1061 763 1105 836 de
1139 765 1292 861 perlecta
1324 767 1412 842 vita.

240 880 461 954 'Pertulianus
484 881 544 954 lib.
572 881 616 954 de
649 882 773 956 habitu
798 882 1000 978 virginum..
1020 882 1120 956 Idem
1145 884 1189 957 de
1214 886 1313 959 cultu
1338 887 1413 961 foe·

240 1002 376 1074 minaru'
404 1011 524 1076 contra
548 1003 695 1097 gentiles
715 1003 751 1075 li.
765 1002 811 1075 Π.
827 1003 864 1075 C.
887 1003 1031 1089 XXlX;
1057 1003 1093 1077 li.
1117 1004 1160 1079 de
1182 1005 1269 1080 finit.
1293 1007 1410 1082 Ecole.

240 1121 277 1195 C.
303 1122 361 1218 lxij
386 1132 421 1195 et
441 1122 651 1218 sequetibus.
680 1120 918 1219 Hieronymus
942 1123 980 1195 in
1005 1124 1152 1220 epistola
1172 1124 1217 1198 ad
1238 1126 1413 1202 Gerontia

240 1242 401 1315 adversus
433 1243 575 1314 viduam
609 1242 793 1316 iterantem
827 1243 1013 1339 conjugia:
1049 1259 1132 1318 nam
1158 1272 1251 1332 oum,
1278 1247 1411 1345 inquit,

239 1362 276 1434 in
310 1372 462 1435 semente
496 1372 606 1436 terrae
638 1364 751 1436 bonae
785 1364 1025 1450 centesimum,
1064 1367 1327 1462 scaagesimum,
1374 1380 1413 1445 et

238 1483 456 1579 trigesimum
481 1483 634 1556 fructum
658 1483 851 1580 Evangelia
877 1484 1009 1571 doceat,
1038 1496 1074 1560 et
1098 1488 1318 1562 centenarius
1341 1515 1410 1586 pro

237 1603 445 1700 virginitatis
478 1629 606 1676 corona
638 1605 791 1701 primum
826 1607 973 1701 gradum
1009 1616 1137 1688 teneat,
1164 1611 1411 1706 sexagenarius

237 1751 300 1822 pro
333 1726 451 1797 labore
486 1725 671 1797 viduarum
704 1725 741 1797 in
768 1726 920 1799 seeundo
946 1727 990 1801 sit
1017 1743 1175 1815 numero,
1201 1731 1412 1806 tricenarius

236 1847 438 1942 nuptiarum
472 1846 612 1919 foedera
644 1846 719 1942 ipsa
754 1846 945 1942 digitorum
976 1848 1222 1945 conjunctione
1247 1860 1410 1940 testetur,

235 1967 386 2064 bigamia
410 1968 447 2039 in
473 1992 543 2064 quo
570 1967 635 2041 erit
659 1967 832 2040 numero?
856 1968 965 2041 immo
988 1977 1083 2042 extra
1108 1995 1308 2045 numerum.

284 2087 403 2161 Hiero.
430 2089 490 2161 lib.
517 2089 681 2161 adversus
704 2089 820 2161 dovin.
849 2089 884 2160 l:
912 2115 983 2162 non
1011 2102 1062 2165 est
1087 2092 1193 2188 hujus
1221 2093 1291 2165 loci
1316 2119 1410 2192 nup·

233 2208 361 2282 tiorum
386 2209 563 2304 augustias
589 2209 781 2283 describere
803 2219 838 2283 et
859 2210 957 2306 quasi
982 2211 1020 2283 in
1044 2213 1290 2286 communibus
1317 2214 1408 2289 locis

232 2330 403 2404 rhetorico
439 2331 591 2403 exrrltare
626 2356 793 2404 sermone.
828 2331 970 2405 Plenius
1004 2357 1107 2429 super
1139 2334 1205 2407 huo
1236 2360 1274 2408 re
1308 2345 1408 2410 cotra

233 2451 402 2523 Helvidir‘r
435 2461 471 2524 et
503 2451 541 2523 in
567 2477 608 2524 eo
633 2451 722 2524 libro
755 2464 822 2548 que
848 2452 892 2523 ad
918 2453 1144 2526 Eustochium
1169 2454 1289 2551 scripsi
1313 2457 1406 2529 arbi-

232 2580 304 2644 tror
337 2573 546 2645 absolutum.
583 2573 683 2646 Certe
718 2582 753 2646 et
794 2573 1014 2646 Tertulianus
1051 2598 1133 2647 cum
1161 2576 1278 2648 adhuc
1312 2588 1408 2653 esset

232 2692 443 2779 adolescens,
468 2693 553 2766 lusit
578 2694 615 2765 in
638 2694 703 2766 hac
724 2694 867 2767 materia
889 2703 924 2767 et
944 2703 1147 2790 praeceptor
1159 2720 1259 2768 meus
1271 2695 1403 2793 Grego.

231 2814 468 2886 Nazianzenus
491 2814 726 2910 virginitatem
752 2824 787 2888 et
811 2815 951 2911 nuptias
975 2813 1144 2889 disserens
1166 2814 1306 2890 Graecis
1327 2842 1404 2892 ver·

230 2935 326 3006 sibus
358 2935 550 3031 explicavit.
585 2934 684 3008 Idem
716 2934 811 3007 ibide
845 2935 881 3006 I:
916 2935 1081 3031 Legimus
1105 2936 1217 3032 prima
1243 2936 1300 3009 dei
1325 2962 1403 3012 sen·

230 3055 348 3129 tentia.
385 3056 535 3129 Crescite
570 3066 605 3130 et
637 3055 919 3153 multiplicamini
944 3066 979 3130 et
1007 3058 1138 3153 replete
1164 3065 1303 3143 terram,
1339 3058 1405 3133 sed

229 3177 278 3249 ita
310 3177 451 3272 nuptias
488 3177 675 3273 recipimus
704 3186 746 3250 ut
779 3176 1028 3273 virginitatem,
1063 3202 1153 3274 quae
1189 3176 1232 3250 de
1264 3179 1403 3275 nuptiis

228 3297 382 3369 nascitur
406 3296 648 3392 praeferamus.
677 3297 736 3370 Nu
761 3296 847 3394 quid
872 3305 1020 3394 argenta
1052 3309 1098 3371 no
1123 3298 1189 3372 erit
1214 3308 1403 3395 argentum

229 3418 258 3490 si
284 3430 373 3491 auru
398 3424 539 3513 argento
565 3416 749 3514 pretiosius
775 3418 851 3491 est?
876 3427 938 3492 aut
962 3418 1093 3490 arboris
1115 3428 1151 3493 et
1171 3419 1296 3515 segetis
1317 3443 1402 3494 oon·

80 3582 83 3588 ·
227 3540 373 3613 tumelia
403 3548 465 3625 est,
501 3539 530 3611 si
555 3538 660 3611 radiis
686 3549 721 3613 et
745 3539 847 3625 foliis,
881 3547 917 3613 et
941 3540 1057 3612 culmo
1084 3548 1119 3613 et
1144 3538 1266 3626 aristis,
1292 3565 1401 3638 poma

226 3661 448 3757 praeferatur,
476 3671 512 3734 et
542 3648 671 3734 fruct’P
704 3670 745 3733 ut
778 3685 884 3756 poma
915 3685 956 3732 ex
983 3651 1122 3746 arbore,
1150 3660 1342 3734 frumetum
1379 3689 1400 3736 e

227 3780 373 3878 stipula:
399 3781 448 3854 ita
472 3781 652 3878 virginitas
673 3807 692 3853 e
717 3780 858 3877 nuptiis.
887 3779 1006 3866 Hiero,
1039 3780 1076 3853 in
1109 3780 1198 3854 illud
1223 3782 1399 3879 Apostoli·

226 3925 320 3974 curn.
355 3900 410 3974 De
443 3901 635 3998 virginibus
668 3908 891 3997 praeceptum
926 3901 1058 3974 domini
1092 3913 1137 3974 no
1179 3902 1310 3975 habeo:
1345 3903 1397 3977 Hi

227 4030 311 4096 sunt
332 4022 484 4096 eunuchi
505 4023 566 4120 qui
583 4048 619 4097 se
631 4023 766 4120 lignum
781 4020 917 4095 aridum
931 4023 977 4093 ob
992 4021 1205 4095 sterilitatem
1219 4030 1394 4121 putantes,

269 4280 292 4361 ¹)
314 4281 348 4340 n
369 4304 410 4343 =
430 4283 521 4348 naara
