3044 4904
278 290 326 366 44

707 317 816 372 OAPU'I'
841 318 1004 371 raarmu.

372 531 489 608 Aurea
513 532 704 631 pensilibus
728 532 865 608 radiant
888 534 1064 630 laguearia
1086 535 1220 634 lychnis

423 654 573 746 Qnando
599 657 783 731 tenebroso
808 658 903 754 fletq.
930 657 1073 754 gemitq.
1099 659 1187 732 loco.

373 777 450 854 Stat
472 779 666 876 lacrymans
691 779 834 875 guttisq.
860 778 1040 853 humectat
1064 779 1255 876 grandibus
1279 805 1349 855 ora.

421 899 521 997 Perq.
548 900 645 973 sinus
668 901 840 999 lacrymae
865 900 1022 975 fluminis
1046 901 1155 975 instar
1180 911 1275 976 eunt.

373 1021 469 1094 Dum
494 1032 650 1097 marcent
675 1023 786 1120 epulis
810 1032 879 1120 etq.
902 1023 993 1096 inter
1017 1022 1098 1096 vina
1122 1023 1279 1123 chorosq.

422 1143 620 1218 Persultant
643 1146 805 1231 famulae,
830 1146 929 1241 luget
954 1153 989 1218 et
1014 1157 1074 1218 ora
1097 1145 1190 1219 hera.

372 1263 501 1338 Omnia
525 1275 602 1340 tuta
626 1277 763 1363 putans,
787 1267 925 1364 juvenis
950 1267 1101 1364 proclive
1127 1267 1242 1341 mariti

422 1387 505 1459 Plus
530 1388 612 1461 satis
636 1388 672 1460 in
698 1389 802 1461 luxus
826 1388 948 1462 sensiit
972 1389 1166 1484 ingenium.

374 1506 459 1580 Mox
486 1510 650 1606 implorat
675 1535 789 1607 opem,
816 1511 1029 1607 Christumq.
1056 1510 1094 1582 in
1120 1518 1201 1585 vota
1225 1510 1358 1607 fatiget,

367 1688 370 1693 .
421 1629 553 1727 Spiritu
581 1642 618 1707 et
642 1657 715 1707 esse
740 1631 846 1705 simul
870 1657 1013 1729 corpore
1039 1641 1158 1706 sancta
1182 1641 1297 1729 queat.

374 1751 580 1849 Adjungens
604 1753 720 1850 longis
744 1753 905 1850 precibus
929 1754 1064 1851 jejunia
1087 1753 1203 1850 longa,

420 1873 609 1948 Nocturnis
635 1901 708 1949 sese
735 1885 886 1950 macerat
912 1876 1065 1948 excubiis

373 1994 481 2067 Omni
506 2022 577 2093 quo
603 1997 703 2071 licuit
727 1997 843 2072 studio
870 2022 906 2070 se
932 1997 1062 2073 muniit
1086 2023 1161 2094 usq.

420 2117 474 2190 Ne
499 2119 622 2214 procul
645 2118 797 2192 incestus
822 2118 948 2215 polluit
973 2127 1088 2193 aestus
1115 2144 1201 2193 eam.

370 2236 420 2309 Ut
441 2239 607 2334 juvenem
632 2241 786 2336 primum
810 2240 908 2336 virgo
934 2241 1086 2316 deducta
1109 2241 1246 2326 marito,

420 2358 579 2433 Inficitur
604 2370 740 2434 teneras
766 2386 825 2433 ore
850 2361 997 2435 rubente
1023 2386 1139 2456 genas.

370 2478 453 2553 Heu
478 2481 566 2577 quid
591 2491 671 2578 egat
684 2467 688 2473 ³
694 2482 859 2578 juvenem
886 2508 956 2579 quo
983 2481 1125 2556 tandem
1151 2481 1245 2557 edire
1270 2483 1419 2557 urrerem

418 2602 558 2676 Audeat
582 2605 714 2679 affatu?
738 2611 774 2677 et
798 2630 869 2700 quo
895 2612 1009 2677 arceat
1034 2601 1200 2699 eloquio?

370 2723 544 2818 Legitimo
570 2751 649 2799 ecee
674 2727 775 2800 thoro
801 2724 999 2821 genialibus
1023 2724 1142 2797 abdita
1165 2725 1284 2797 fulcris

419 2845 615 2918 Lasciuium
640 2847 772 2919 blando
797 2847 846 2918 sic
871 2855 992 2919 monet
1016 2872 1075 2919 ore
1097 2846 1222 2918 virum.

369 2965 464 3040 Luce
489 2971 600 3064 magis
625 2968 749 3042 dilecte
775 2969 861 3040 mihi
886 2966 1087 3040 suavissime
1112 2992 1237 3064 sponse

420 3088 463 3160 In
488 3089 637 3176 Christo,
665 3117 753 3187 spes,
779 3091 859 3175 mel,
886 3089 1055 3185 deliciaeq
1080 3114 1188 3163 meae.

371 3209 578 3306 Importuna
602 3212 667 3285 tibi
691 3213 811 3285 videor
836 3212 932 3309 quod
956 3219 1056 3307 repta
1080 3236 1235 3283 recusem

421 3331 558 3418 Oscula,
585 3334 713 3430 quodq.
741 3359 863 3430 graver
885 3333 984 3404 labra
1007 3332 1105 3404 labro
1130 3332 1287 3429 apprime

373 3452 417 3526 Et
441 3455 586 3550 cupidas
611 3456 743 3527 frenare
769 3479 905 3538 manus,
931 3453 1094 3549 tenerisq.
1121 3453 1260 3552 papillis

422 3575 595 3651 Admotos
621 3576 749 3673 digitos
775 3575 926 3671 graviter
951 3573 1102 3647 eximere

327 3675 330 3680 ⁵
372 3697 479 3786 Quod
500 3697 639 3793 juvenis
661 3696 827 3792 juvenem
851 3694 979 3767 blande
1005 3703 1138 3768 tentata
1162 3719 1357 3790 repugnem

421 3817 527 3906 Quod
552 3818 639 3890 mihi
665 3841 840 3890 consessas
864 3816 1024 3887 horream
1049 3822 1084 3887 et
1109 3813 1287 3887 illecebras

371 3937 452 4011 Nou
479 3939 544 4012 tibi
569 3939 631 4012 sed
656 3937 793 4011 Christo
820 3935 959 4032 cupiam
986 3934 1083 4031 quod
1106 3935 1198 4007 bella
1224 3935 1333 4008 videri

421 4061 512 4133 Nam
537 4060 671 4132 mundo
697 4068 732 4133 et
756 4058 893 4131 Christo
918 4081 1023 4128 nemo
1048 4055 1194 4152 placere.
1222 4064 1347 4152 potest.

371 4180 549 4276 Impediar
573 4174 656 4254 lieet
681 4180 836 4276 ingenuo
862 4177 1048 4272 retraharq.
1075 4176 1210 4272 pudore

419 4301 544 4374 Dicere
570 4281 758 4373 dicendum
784 4308 836 4373 est
862 4297 934 4389 (sed
959 4296 1060 4368 venia
1086 4304 1173 4386 esto)
1200 4308 1327 4384 tamen,
