3044 4904
245 257 293 330 24
668 277 776 331 carun
802 277 993 330 1111111111.

246 493 466 591 eonuptibili
512 493 783 589 incorruptionis
820 502 1009 592 perpetuae
1055 494 1246 578 meditatio
1284 494 1418 568 ibidem

246 617 330 713 Gap.
357 615 475 687 XXII.
503 615 658 688 Christus
683 613 770 688 dicit
794 639 854 686 eos
879 615 941 711 qui
963 615 1022 711 pio
1043 617 1221 711 proposito
1244 617 1288 688 ab
1309 641 1419 690 uxore

246 737 380 810 duceda
418 763 454 810 se
493 736 675 809 continent
716 744 862 808 castrare
910 735 1040 831 seipsos
1086 746 1228 833 propter
1269 762 1418 832 regnum

246 860 435 942 coelorum,
463 865 499 930 et
531 865 652 929 contra
684 856 837 928 humana
861 857 994 930 vanitas
1030 857 1089 953 pia
1114 858 1308 932 temeritate
1335 885 1418 932 con·

246 979 371 1065 tendit,
407 1004 467 1051 eos
513 978 575 1073 qui
622 976 689 1050 hoc
735 977 867 1051 faciunt
924 987 1121 1073 presentem
1170 981 1417 1054 tantummodo

245 1101 487 1174 necessitatem
521 1099 758 1174 molestiarum
784 1099 1024 1195 conjugalium
1050 1100 1216 1186 devitare,
1243 1101 1280 1173 in
1306 1126 1416 1196 regno

247 1223 425 1294 coelorum
450 1220 600 1316 amplius
625 1220 740 1316 quicq,
767 1221 910 1293 caeteris
935 1245 1007 1292 non
1032 1221 1169 1295 habere.
1197 1223 1419 1317 Augustinus

247 1344 393 1440 epistola
418 1341 605 1416 CXXVIII
630 1342 773 1415 Boetius
800 1352 851 1415 est
876 1342 913 1412 in
943 1367 1045 1415 carne
1070 1343 1201 1417 imitari
1226 1344 1334 1417 vitam
1354 1370 1419 1416 an·

246 1465 404 1561 gelorum
449 1489 555 1559 quam
593 1488 634 1535 ex
673 1488 774 1535 cerne
813 1487 940 1558 augere
978 1488 1166 1536 numerum
1204 1466 1418 1538 mortahum.

247 1585 345 1658 Haeo
370 1593 422 1658 est
446 1584 586 1656 uberior
610 1584 846 1681 foecundiorq.
881 1584 1025 1656 felicitas
1060 1610 1131 1656 non
1158 1595 1315 1659 ventrem
1341 1611 1419 1681 gra·

247 1731 383 1779 vescere
410 1705 471 1778 sed
491 1714 608 1779 mente
630 1706 866 1800 grandescere,
889 1731 961 1777 non
982 1706 1148 1779 lacessere
1169 1715 1320 1801 pectore,
1345 1732 1419 1780 nou

247 1827 436 1901 visceribus
461 1834 589 1899 terram
614 1827 676 1899 sed
701 1826 916 1900 orationibus
941 1826 1079 1898 coelum
1104 1827 1284 1923 parturire.

296 1948 480 2044 Ciprianus
505 1948 549 2020 de
571 1947 658 2043 sinq.
682 1948 761 2019 cler.
786 1947 969 2042 Ciprianns
991 1947 1042 2018 Li.
1066 1947 1093 2019 I.
1118 1948 1239 2043 episto.
1255 1946 1301 2018 II.
1317 1947 1420 2020 Idem

247 2078 408 2143 tractatu.
435 2068 482 2142 Il.
510 2069 553 2140 de
579 2068 703 2141 habitu
728 2068 904 2162 virginum
933 2069 1047 2163 prima
1071 2068 1241 2141 sententia
1266 2092 1418 2140 creseere

247 2197 283 2263 et
303 2214 466 2285 generare
488 2190 674 2285 praecepit,
694 2189 845 2261 secunda
858 2189 901 2260 ad
915 2189 1139 2263 obtinentiam
1162 2189 1278 2261 suasit.
1294 2188 1417 2278 Quum

247 2311 362 2383 adhue
382 2309 477 2382 rudis
490 2310 643 2382 mundus
671 2319 707 2384 et
732 2310 845 2381 inanis
871 2319 933 2394 est,
961 2310 1062 2406 copia
1087 2309 1332 2382 foecunditatis
1360 2335 1417 2405 ge-

246 2441 390 2505 nerante
423 2456 666 2527 propagamur,
711 2439 746 2503 et
779 2455 973 2505 crescamus
1012 2430 1056 2502 ad
1093 2430 1240 2503 humani
1280 2431 1419 2525 generis

248 2561 496 2649 augmentum:
533 2552 618 2641 Qun
653 2552 723 2624 iam
748 2552 894 2625 refertus
920 2560 972 2625 est
997 2552 1091 2623 orbis
1116 2552 1331 2624 otmundus
1356 2552 1419 2623 im-

246 2674 363 2771 pletus
387 2674 449 2769 qui
473 2697 595 2768 capere
631 2673 880 2746 continentiam
915 2681 1070 2769 possunt,
1099 2672 1297 2769 spadonum
1323 2697 1421 2744 more

247 2797 403 2869 viventes
436 2803 629 2868 castrantur
662 2794 707 2866 ad
742 2819 902 2889 regnum,
939 2819 1004 2866 nec
1040 2794 1105 2865 hoc
1137 2793 1238 2889 jubet
1267 2792 1334 2863 dns
1359 2792 1421 2864 sed

246 2918 414 3001 hortatur,
449 2940 514 2988 nec
544 2916 672 3012 jugum
703 2915 916 2989 necessitatis
941 2915 1103 3011 imponit,
1130 2914 1272 3010 quando
1299 2922 1420 2987 manet

247 3037 435 3112 voluntatis
459 3037 610 3109 liberum
637 3036 830 3110 arbitrium.

296 3159 440 3230 Ambr0.
467 3157 520 3229 Li.
547 3157 580 3228 V
603 3158 788 3229 hexamero
815 3156 873 3227 Ca.
901 3153 956 3227 Ill
982 3165 1017 3228 et
1040 3155 1092 3226 lX
1114 3164 1149 3228 et
1169 3155 1214 3226 X.
1246 3154 1345 3226 Idem
1377 3155 1420 3227 de

247 3279 416 3352 vidiums:
451 3278 654 3350 honorabile
689 3278 782 3373 iquit
807 3277 911 3372 cojug
936 3276 997 3348 sed
1021 3275 1257 3348 honorabilior
1280 3275 1420 3370 integri·

247 3411 310 3486 tae,
337 3412 382 3473 na
407 3400 529 3495 etqui
558 3399 781 3472 matrimonio
814 3397 932 3493 jungit
957 3396 1126 3491 virginem
1152 3421 1251 3467 suam
1281 3394 1419 3467 benef-

247 3523 306 3608 cit,
343 3532 377 3595 et
412 3521 475 3617 qui
500 3546 572 3593 non
595 3520 690 3616 jugit
713 3519 840 3591 melius
864 3518 956 3602 facit,
983 3517 1080 3613 quod
1105 3517 1213 3612 igitur
1245 3517 1343 3589 bonu
1369 3525 1422 3589 est

247 3668 319 3715 non
345 3641 492 3715 11111111
518 3652 580 3726 est,
608 3649 643 3714 et
666 3640 763 3735 quod
786 3648 838 3713 est
858 3639 983 3711 melius
1005 3638 1170 3732 eligendr'r
1192 3646 1244 3711 est
1265 3637 1423 3732 itaquis

248 3775 294 3835 16
320 3762 515 3858 imponitur
540 3761 601 3834 sed
627 3759 863 3856 praeponitur.
889 3759 1032 3830 Ambra.
1057 3757 1095 3828 in
1117 3757 1356 3830 exhortatione
1377 3757 1423 3828 ad

249 3882 416 3978 virgines:
443 3882 567 3954 videte
594 3882 676 3976 itaq.
701 3880 787 3976 quid
809 3880 979 3976 scriptura
1001 3879 1102 3962 dicat,
1125 3878 1212 3973 quid
1233 3878 1424 3973 Apostolus

250 4003 404 4076 suadeat.
438 4002 528 4092 Quis
560 4003 662 4074 nobis
697 4010 814 4097 potest
847 4001 972 4073 mehus
999 4001 1181 4072 consilium
1205 4000 1290 4084 ‚dare
1316 4024 1423 4094 quam

249 4125 307 4199 ille
345 4149 404 4196 vas
442 4125 569 4198 electae
593 4123 811 4197 electionis?
859 4121 955 4218 quod
985 4121 1093 4217 igitur
1125 4121 1218 4194 dicat
1254 4121 1423 4217 percipite

250 4246 402 4332 auribus,
430 4247 507 4317 volo
534 4256 596 4320 aut
622 4251 753 4320 omnes
766 4246 926 4318 homines
952 4269 1024 4316 esse
1050 4243 1140 4316 sicut
1164 4243 1346 4340 meipsum.
1374 4241 1420 4313 111
