3044 4904
574 266 704 322 vinna
726 264 938 325 HOOI‘DSTUK.

269 487 341 564 Cur
364 484 576 586 interpositis
600 485 705 559 sacris
728 485 811 559 huic
834 485 978 559 nomina
1002 485 1122 560 dantes

270 608 454 709 conceptis
478 607 591 684 verbis
615 609 773 707 juramus
797 608 843 682 ad
868 608 986 683 omnia
1008 607 1117 683 nostri

267 733 369 806 Jrrssa
393 731 503 819 ducis,
530 741 667 830 praesto
692 757 828 830 semper
853 757 917 804 nos
942 756 1014 805 esse
1040 731 1175 806 futuros

268 855 305 928 Si
329 879 424 928 nune
449 864 603 929 extremo
630 862 805 928 vertamus
829 863 927 950 terga
951 853 1091 951 periclo.

267 977 382 1054 Fidite
406 1003 450 1051 ne
475 977 624 1074 pedibus
649 976 738 1049 ferro
763 976 959 1073 rumpenda
984 1000 1047 1073 per
1071 975 1186 1049 hostes

266 1099 328 1173 Est
358 1099 424 1186 via,
457 1124 552 1172 nunc
577 1098 790 1184 audendum,
816 1114 911 1170 nunc
937 1097 973 1170 in
999 1124 1032 1195 q.
1058 1096 1133 1194 ipsa
1156 1107 1257 1173 vocat
1281 1120 1335 1172 res

266 1222 333 1295 Par
357 1228 430 1296 erat
452 1220 534 1294 huic
559 1220 692 1318 aperire
716 1221 807 1293 viam
832 1219 973 1317 periclo,
999 1243 1061 1317 per
1084 1219 1192 1316 ignes,

267 1343 312 1417 st
336 1344 520 1441 precedere
546 1368 639 1429 eum,
667 1352 703 1418 et
727 1366 869 1440 quoquo
894 1368 959 1416 nos
982 1342 1136 1416 mitteret
1159 1342 1210 1415 ire

270 1464 375 1539 Nune
400 1465 646 1563 precedentem
672 1490 741 1562 qua
767 1464 910 1539 tandem
934 1465 1049 1538 fronte
1073 1464 1227 1538 valemus

269 1588 440 1663 Excusare
464 1587 572 1684 sequi,
599 1586 710 1661 socios
735 1613 800 1660 nos
825 1586 952 1661 addere
978 1586 1114 1662 atilli?

269 1711 369 1802 Quae
393 1732 487 1784 nunc
512 1710 639 1786 deinde
664 1735 772 1796 mora,
800 1734 870 1807 quo
891 1736 956 1783 nos
976 1709 1077 1784 decet
1096 1730 1170 1807 usq.
1193 1708 1337 1782 moraris

268 1832 349 1922 Quo
373 1832 470 1906 Deus
496 1839 531 1906 et
556 1856 626 1930 quo
653 1832 740 1904 dura
765 1840 891 1905 vocant
914 1839 1099 1928 praecepta
1122 1855 1307 1929 sequamur

269 1953 345 2028 Stat
370 1955 514 2052 propius
539 1953 692 2028 conferre
717 1952 842 2051 peden,
869 1961 938 2026 stat
958 1951 1131 2050 quidquid
1151 1953 1265 2027 acerbi
1286 1961 1338 2028 est

269 2075 384 2150 Morte
408 2076 482 2174 pati
509 2083 544 2150 et
567 2076 675 2152 vitam
698 2100 825 2172 magno
850 2074 949 2148 finire
973 2075 1092 2148 labore

271 2196 314 2271 In
331 2185 396 2273 'me
420 2197 517 2270 nulla
540 2222 648 2284 mora,
676 2219 810 2294 sequor,
837 2206 872 2271 et
897 2218 969 2301 quo
995 2196 1117 2294 dirigis
1139 2197 1264 2270 adsum

270 2320 353 2417 Usq.
389 2319 521 2393 adeone
549 2319 640 2392 mori
664 2319 830 2393 miserum
856 2325 926 2392 est:
952 2344 1024 2406 vos,
1051 2344 1072 2392 ο
1097 2320 1193 2407 mihi,
1220 2316 1338 2394 chari?

269 2442 377 2517 Haud
390 2443 498 2516 dubio
511 2442 705 2517 inmortem
714 2452 848 2517 eertum
859 2449 920 2528 est,
930 2441 1134 2539 praecedere
1144 2451 1276 2517 certum
1285 2448 1338 2517 est

268 2567 343 2655 Stat
368 2591 466 2640 casus
491 2566 635 2640 tolerare
662 2590 783 2639 omnes
807 2574 977 2661 vastumq.
1004 2588 1067 2662 per
1092 2565 1211 2639 orbem

268 2689 375 2764 Laeta
400 2688 565 2762 salutiferi
590 2687 786 2785 dispergere
812 2685 1066 2773 semina-verbi

270 2811 343 2886 Nec
368 2835 466 2885 mora
490 2835 555 2883 nee
578 2808 716 2906 requies
740 2809 837 2882 varic
862 2808 1049 2882 certamine
1075 2809 1216 2881 tendam

267 2932 449 3031 Tantisper
475 2933 561 3005 dum
586 2932 694 3005 vitam
719 2931 847 3017 vixero,
872 2931 923 3003 nil
949 2930 998 3004 ita
1022 2929 1149 3002 durum

270 3054 319 3129 Ut
343 3064 439 3130 tanta
464 3055 652 3152 quicquam
678 3079 741 3151 pro
769 3078 829 3150 spe
856 3060 988 3127 tentare
1013 3076 1169 3125 recusem

269 3177 315 3252 Et
335 3178 480 3252 tolerare
493 3198 624 3274 graver,
638 3201 702 3250 nec
716 3181 837 3267 eni(m)
850 3174 939 3248 levia
952 3185 1013 3250 aut
1025 3174 1158 3247 ludicra
1170 3184 1340 3272 petuntur

272 3299 440 3385 Praemia,
466 3307 627 3396 respectu
652 3321 801 3394 quorum
828 3297 929 3371 decet
954 3321 1026 3370 esse
1052 3305 1189 3393 paratos

270 3421 388 3518 Digna
413 3421 559 3517 indigna
583 3420 658 3517 pati
683 3428 718 3493 et
743 3420 848 3492 duros
872 3419 1020 3516 perferre
1044 3418 1180 3492 labores

271 3542 315 3618 Et
340 3542 541 3617 dubitamus
566 3543 680 3615 adhue
705 3541 868 3638 famamq.
896 3534 1080 3615 extendere
1105 3540 1205 3614 factis

271 3663 438 3762 Experiar
461 3665 616 3762 primum
641 3665 751 3762 pessit
775 3663 862 3762 quid
888 3663 1003 3736 vivida
1028 3663 1137 3737 virtus

213 3773 217 3782 ¹
271 3785 368 3860 Haec
393 3785 493 3872 fatus,
521 3787 697 3884 duplicem
723 3811 764 3859 ex
788 3785 943 3859 humeris
967 3784 1082 3882 rejicit
1106 3783 1275 3857 amictum

274 3907 318 3982 Et
342 3933 486 4005 magnos
511 3910 748 3982 membrosum
774 3918 879 3995 artus,
906 3933 1032 4004 magna
1054 3932 1139 3994 ossa,
1161 3907 1339 4003 lacertosq.

272 4030 377 4105 Exuit
407 4039 475 4129 atq.
501 4032 623 4128 ingens
648 4031 765 4106 media
791 4029 949 4104 consistit
973 4055 1075 4103 arena

274 4152 323 4228 Ut
346 4154 462 4226 nudus
487 4154 623 4227 nudum
649 4179 795 4251 propere
820 4151 1005 4226 comitetur
1029 4152 1160 4225 desum.
