3044 4904
246 281 292 352 22
664 300 772 353 onnon
798 301 988 354 sneuuonu.

245 518 377 614 alioqui
410 518 515 590 modo
551 518 697 592 diceret:
732 519 811 591 volo
845 544 907 592 vos
940 545 1013 593 esse
1049 521 1145 617 quod
1179 525 1294 620 angeli
1320 537 1416 614 sunt,

244 640 338 713 unde
361 651 397 714 et
419 640 515 736 virgo
537 640 677 737 majoris
698 651 750 714 est
770 641 896 728 meriti,
919 641 1005 715 dum
1026 642 1064 714 id
1084 653 1295 734 contemnet,
1319 650 1418 745 quod

246 763 275 834 si
300 762 420 836 fecerit
452 787 523 834 non
550 762 734 858 delinquit,
770 762 1006 835 Nihilominus
1031 763 1068 836 in
1095 766 1339 841 coherentibus
1366 770 1417 843 in·

245 884 329 957 fert:
366 884 560 957 Consilium
594 894 656 958 aut
677 884 733 969 do,
759 890 845 980 tanq
871 885 1106 958 misericordia
1131 899 1370 985 consequutus
1398 918 1419 964 a

247 1005 341 1091 dffio,
368 1023 410 1080 ut
434 1005 500 1078 sim
524 1005 646 1078 fidelis.
673 1006 841 1079 Existimo
864 1032 947 1103 ergo
967 1008 1034 1079 hoc
1054 1008 1188 1081 bonum
1215 1035 1287 1083 esse
1314 1037 1418 1109 prop·
1495 1072 1498 1077 .

246 1136 300 1202 ter
333 1129 521 1202 instantem
555 1128 807 1214 necessitatem,
841 1129 924 1225 quia
958 1129 1091 1201 bonum
1128 1140 1181 1205 est
1206 1131 1341 1205 homini
1368 1134 1418 1206 sic

246 1276 329 1336 esse,
366 1250 464 1340 Quae
500 1258 552 1323 est
584 1248 650 1322 ista
683 1250 893 1323 necessitas?
924 1276 986 1325 vae
1013 1251 1265 1348 pregnantibus
1291 1262 1327 1328 et
1351 1281 1416 1328 nu·

244 1372 429 1446 trientibus
466 1373 503 1444 in
537 1372 597 1445 1111
635 1373 701 1445 (111.
741 1372 825 1445 Ι(11ο
859 1373 954 1470 sylva
988 1381 1180 1445 succrescat
1213 1384 1254 1447 ut
1293 1386 1416 1472 postea

242 1495 490 1580 rescindamur,
527 1494 605 1567 ideo
638 1519 720 1590 ager
754 1494 879 1568 seritur
916 1504 957 1569 111
991 1504 1176 1579 metamur,
1211 1495 1244 1566 11
1288 1497 1415 1594 plenus

244 1628 296 1691 est
321 1617 424 1702 orbis,
459 1626 549 1690 terra
574 1642 638 1688 nos
672 1641 743 1688 non
768 1615 871 1713 capit,
898 1616 1055 1712 quotidie
1079 1617 1171 1689 bella
1193 1642 1257 1689 nos
1283 1631 1414 1707 secant,

245 1737 359 1811 morbi
399 1738 618 1823 subtrahunt,
661 1738 839 1833 neuhagia
877 1739 1076 1823 absorbent,
1114 1748 1152 1813 11
1187 1739 1417 1814 nihilominus

244 1859 288 1932 de
314 1859 470 1932 terminis
490 1858 678 1955 litigamus.

291 1981 548 2056 Chrisostomus
581 1981 618 2052 in
644 1980 796 2053 homelia
820 1981 855 2053 in
883 1967 969 2053 Gen.
998 1980 1087 2052 XXI
1113 1991 1149 2056 et
1173 1981 1322 2056 XLIIII.
1351 1984 1416 2057 Ide

243 2104 279 2176 iu
306 2103 415 2175 Math.
442 2102 592 2175 homelia
616 2102 712 2174 XVI.
736 2102 851 2174 XVII.
875 2102 1005 2175 LXIII.
1030 2102 1159 2187 LXXI,
1184 2103 1348 2177 LXXIX.
1374 2131 1417 2178 ex

243 2249 347 2320 opere
372 2223 575 2320 imperfecto
601 2223 636 2294 in
666 2223 773 2297 Math.
801 2223 952 2295 homelia
977 2222 1121 2294 XXXII
1147 2222 1249 2296 XLII
1275 2232 1311 2298 et
1336 2224 1413 2299 LII.

242 2346 342 2418 Idem
376 2345 413 2417 in
447 2345 598 2441 priorem
633 2345 676 2416 ad
712 2343 863 2419 Timoth.
896 2344 1048 2416 homelia
1071 2343 1145 2415 IIII
1171 2353 1206 2417 et
1231 2343 1329 2417 VIII.
1357 2346 1414 2419 De

191 2463 194 2466 ’
243 2467 385 2539 diversis
410 2466 561 2539 homelia
585 2465 702 2537 XXII.

291 2588 440 2683 August.
468 2587 528 2659 lib.
556 2586 573 2659 I
595 2587 639 2659 de
661 2586 798 2660 civitate
820 2587 876 2659 dei
899 2588 938 2660 O.
963 2587 1076 2660 XVII.
1092 2585 1225 2658 XXVI.
1242 2586 1415 2661 XXVIII.

242 2710 341 2781 Idem
375 2709 434 2781 lib.
471 2708 508 2781 II
534 2709 577 2781 de
611 2709 751 2782 civitate
778 2709 846 2782 Dei
872 2710 956 2806 Cap.
985 2709 1153 2781 XXVIII.
1182 2708 1317 2781 XXIX.
1347 2710 1417 2782 Ihi·

242 2832 322 2904 dem
348 2833 408 2905 lib.
435 2831 489 2903 HI
515 2830 598 2929 Cap.
628 2830 670 2902 V.
697 2830 815 2902 XIIII.
843 2829 958 2902 XVII.
1456 2924 1458 2928 ι

290 2956 439 3050 August.
476 2955 519 3028 de
553 2953 666 3027 verbis
692 2952 826 3024 domini
852 2953 889 3024 in
918 2952 1026 3025 Math.
1055 2977 1118 3025 ser.
1146 2951 1272 3023 XXIII
1295 2961 1330 3025 et
1353 2953 1415 3026 IV.

200 3156 201 3159 Ἴ
242 3078 296 3149 De
330 3078 442 3150 verbis
476 3075 637 3173 Apostoli
672 3099 831 3147 sermone
864 3073 997 3145 XVIII.
1019 3061 1083 3146 'Ad
1109 3073 1300 3147 Posidomu
1325 3075 1415 3171 epis·

242 3200 313 3272 tola
337 3197 503 3271 LXXIII.
526 3198 571 3271 ad
596 3197 839 3271 Victorianum
867 3196 965 3293 epist.
989 3195 1124 3268 IXXII.
1160 3196 1218 3268 Ad
1245 3196 1417 3271 Demetri·

241 3321 330 3393 adeu
365 3320 486 3416 episto.
519 3319 557 3391 G.
586 3319 687 3393 XCII
715 3330 749 3393 et
777 3317 944 3392 MGCCO.
972 3318 1007 3403 li,
1035 3318 1189 3414 Augusti
1214 3318 1258 3390 de
1283 3319 1428 3415 nuptiis·

242 3451 276 3516 et
302 3440 582 3539 concupiscentia
616 3441 661 3514 ad
688 3441 867 3517 Valerium
903 3440 961 3512 Ca.
989 3440 1088 3512 XIII.
1117 3440 1170 3513 De
1195 3440 1309 3536 gratia
1332 3443 1418 3514 novi

242 3564 439 3638 testamenti
474 3561 556 3660 Cap.
592 3562 750 3634 XXXVI
776 3562 837 3634 lib.
866 3562 920 3633 III
948 3571 1068 3634 contra
1093 3561 1276 3633 Juhanum
1299 3563 1415 3659 pelag.

242 3686 301 3758 Ca.
318 3685 482 3759 LXXIX.
507 3685 643 3758 Ibidem
664 3684 724 3756 lib.
749 3684 802 3755 III
825 3684 908 3780 Cap.
932 3681 1105 3755 XXXIII.
1139 3683 1191 3754 De
1216 3682 1418 3755 1111111110-

243 3805 452 3903 centiaCap.
467 3806 632 3879 LXXIX.
657 3805 699 3877 In
726 3805 809 3901 psal.
833 3804 951 3876 XCIX
978 3813 1014 3878 et
1034 3803 1197 3876 CXLVII
1209 3803 1270 3876 lib.
1293 3803 1357 3876 ΠΙ.
1373 3805 1420 3878 (11

243 3939 466 4025 peceatorum
488 3928 620 4000 meritis
641 3935 679 4000 et
695 3926 907 4012 remissione,
931 3927 973 3998 In
988 3925 1123 4022 quaesti
1145 3924 1272 3999 veteris
1286 3936 1321 3999 et
1332 3927 1417 3998 novi

243 4060 378 4125 testam.
411 4059 543 4146 quaest.
566 4037 680 4121 XVII.
709 4050 858 4144 August.
887 4048 931 4120 de
956 4048 1079 4144 juncta
1104 4047 1303 4142 virginitate
1329 4046 1414 4143 Cap.

242 4171 331 4244 XIII
361 4171 539 4267 virginalis
571 4171 751 4268 integritas
786 4181 822 4244 et
854 4195 917 4268 per
952 4170 1065 4267 piam.
1082 4168 1334 4242 continentiam
1369 4169 1414 4240 ab

89 4302 94 4310 ’
241 4295 338 4368 omni
360 4293 549 4368 concubitu
570 4293 784 4379 immunitas,
807 4292 964 4389 angelica
985 4291 1100 4389 portio
1124 4300 1175 4364 est
1197 4290 1289 4363 etin
1312 4313 1415 4362 carne
