3044 4904
549 319 678 372 vmnnn
701 320 915 375 noonnsnux.
1272 300 1318 376 69

172 661 320 722 nalem
342 661 478 725 Romu.
500 662 691 722 GRAEOUM
712 662 877 723 OARMEN
897 661 1104 723 JAMBIOUM
1124 663 1175 722 EX
1197 664 1298 725 VOTO

240 765 420 831 DIGATUM
440 765 599 826 VIRGINI
619 766 1104 870 UWALSINGAMIOAE-APUD
1125 768 1229 828 BRIT·

415 869 571 931 TANNOS
591 868 827 931 LATINITATE
846 872 1052 933 DONATUM.

296 1047 328 1121 O
353 1048 445 1120 salve
470 1047 555 1121 Jesu
581 1057 691 1122 mater
714 1056 756 1120 ut
780 1073 862 1122 cum
887 1049 1038 1123 maxime

297 1169 498 1256 Benedicta,
525 1169 598 1242 sola
623 1169 822 1256 mulierum,
850 1170 1001 1269 Deipara

294 1290 340 1365 ut
365 1291 474 1387 virg0,
501 1291 590 1363 labis
614 1291 772 1365 nesciens
797 1292 950 1388 originis,

295 1411 404 1486 Multi
430 1411 574 1508 quidem
598 1412 711 1486 multa
735 1412 885 1487 afferunt
908 1413 974 1486 tibi
998 1439 1144 1488 munera

119 1520 123 1526 ’
200 1545 202 1550 ’
293 1532 356 1608 Est
390 1533 451 1630 qui
482 1531 542 1607 dat
568 1559 703 1620 aurum,
731 1543 783 1608 est
809 1535 956 1633 quidet
981 1544 1163 1633 argentum
1189 1561 1318 1633 purum

295 1655 394 1728 Bona
421 1680 501 1754 pars
524 1655 662 1753 lapillos
687 1666 785 1752 grata
810 1657 875 1730 fert
899 1657 1097 1731 reconditos

294 1777 361 1850 Pro
387 1777 516 1876 quibus
541 1784 595 1868 (ut
618 1778 733 1874 impar
756 1778 940 1852 hominum
966 1786 1077 1869 mens)
1102 1774 1246 1877 plurimi

294 1897 476 1977 Incolume
501 1909 652 1996 poscunt
676 1924 813 1996 corpus,
840 1909 877 1973 at
901 1900 1046 1998 quidam
1070 1908 1197 1999 petunt

293 2020 416 2095 Multis
441 2020 538 2093 beari
562 2020 692 2094 divitiis
718 2031 753 2095 et
777 2021 816 2094 id
839 2022 920 2097 cite.

296 2142 448 2239 Aliique,
475 2150 615 2240 sperant
640 2143 798 2217 obtinere
822 2143 972 2216 amabile

292 2263 338 2337 Et
363 2264 466 2337 dulce
491 2265 599 2362 patris
624 2291 765 2352 nomen,
792 2290 831 2337 ac
857 2266 1067 2339 vocabulum

292 2385 442 2460 Uterum
467 2386 609 2473 ferente,
636 2397 672 2462 et
698 2388 899 2483 ingemente
925 2387 1085 2484 conjuge,

294 2509 463 2606 Pyliique,
484 2515 513 2599 1)
538 2510 662 2605 longos
687 2510 852 2607 consequi
877 2509 951 2582 dies
976 2509 1078 2595 senis,

295 2631 360 2704 Ast
384 2630 458 2728 ipse
483 2642 579 2705 vates
604 2631 796 2705 benevolus
821 2631 965 2728 quidem
990 2639 1107 2704 tamen

295 2751 420 2833 Primis
445 2753 489 2825 ab
515 2752 616 2825 annis
640 2777 837 2850 pauperum
861 2752 1105 2850 pauperrimus

294 2874 427 2947 Paucas
451 2882 487 2949 et
511 2874 589 2947 illas
613 2874 749 2947 debitas
773 2875 841 2948 tibi
865 2875 1029 2959 neemias,

295 2996 405 3069 Aliud
429 2996 518 3068 nihil
542 3021 624 3068 oum
650 3003 813 3093 suppetat
837 2994 1081 3071 tenuissimum

296 3115 467 3214 Minimeq
493 3143 653 3215 pensans,
679 3117 845 3191 exhibens
869 3101 1120 3191 munusculum

102 3228 111 3251 '
205 3284 208 3292 ·
294 3239 482 3312 Summum
506 3264 650 3337 reposco
676 3239 884 3336 praemium,
911 3240 1047 3336 eoquod
1072 3239 1200 3314 dixeris

295 3360 480 3436 Fortasse?
505 3362 631 3448 dicam,
658 3386 785 3459 nempe
812 3361 1050 3439 deditissiman

296 3483 384 3570 Deo,
411 3483 510 3580 tibiq.
537 3491 573 3558 et
599 3484 764 3558 omnibus
785 3484 969 3559 coelitibus

297 3605 466 3692 Mentem,
494 3613 530 3680 et
555 3631 615 3680 cor
640 3604 737 3680 omni
761 3605 911 3679 liberum
936 3605 1085 3705 piaculc.

152 3755 348 3766 ..—

194 3823 217 3901 ¹)
238 3824 302 3885 Sive
321 3824 457 3887 Nestoris.
