3044 4904
610 301 719 358 CAPUT
745 300 908 359 TssRTIUM.

272 522 422 598 Aemula
447 520 616 618 purpurei
640 520 707 594 fert
733 546 838 594 verna
862 519 994 594 rosaria
1018 518 1113 592 floris

320 641 478 738 Angelus
503 652 539 716 et
563 642 652 715 miro
679 642 833 738 complet
857 641 963 716 odore
989 642 1146 714 domum.

272 765 463 839 Aureolum
488 762 583 836 vario
609 772 813 838 contextum
837 763 923 837 flore
949 787 1113 835 coronam

322 886 371 958 Ut
392 884 498 981 capiti
522 883 708 980 implicuit,
736 885 908 958 annulum
931 884 1038 981 utriq.
1065 883 1173 957 dedit.

274 1007 359 1081 Mox
383 1029 471 1092 rosa,
497 1031 580 1079 mox
604 1007 728 1092 violae,
755 1032 837 1080 mox
864 1005 975 1078 dulcis
1000 1027 1179 1077 amaracus
1204 1011 1311 1077 ornat

322 1128 436 1202 Omne
461 1127 704 1224 pavimentum
731 1127 951 1223 versicolorq.
979 1126 1104 1198 solum.

272 1249 423 1322 lancae
447 1248 587 1322 haerere
612 1248 723 1333 violis,
752 1256 886 1345 myrtus
912 1248 1073 1322 subtexta
1096 1245 1264 1342 ligustris,

321 1370 413 1442 Alba
436 1368 641 1442 verecundis
665 1368 740 1442 lilia
765 1369 870 1441 mista
894 1369 991 1454 rosis,

273 1492 407 1565 Fundit
426 1490 649 1564 inexhaustos
675 1487 743 1562 cito
770 1489 911 1562 decolor
935 1489 1044 1561 Indus
1069 1489 1203 1576 odores,

321 1613 366 1685 Et
390 1611 469 1684 fluit
493 1609 636 1707 Assyrio
663 1635 780 1706 sparsa
804 1610 941 1707 liquore
966 1636 1076 1684 coma.

275 1733 372 1807 Serta
395 1757 488 1804 novo
514 1731 643 1806 dantur
668 1757 808 1828 sponso,
836 1732 997 1828 calathiq.
1024 1755 1182 1804 rosarum

321 1853 422 1926 Aeris
447 1878 529 1925 cum
555 1853 686 1925 Boreae
711 1853 837 1948 frigore
864 1853 972 1926 saevit
996 1854 1118 1950 hyems

272 1976 405 2072 Sponsa
431 1974 526 2071 quod
552 1974 689 2070 optanti
714 1974 844 2046 Divum
869 1974 1073 2071 promittere
1098 1998 1203 2048 nemo

179 2144 182 2149 -
319 2097 433 2182 Ausit,
460 2095 728 2191 euangelicum
754 2095 821 2167 hoo
847 2095 913 2170 fert
938 2097 1044 2169 modo
1070 2094 1314 2194 praesidium?

270 2217 334 2290 Ille
361 2217 428 2290 Dei
452 2216 554 2289 donis
579 2225 615 2290 et
639 2225 739 2290 tanto
766 2217 878 2290 laetus
903 2218 1036 2291 honore

320 2336 457 2434 Expleri
483 2337 606 2433 nequit
630 2361 671 2408 ao
695 2362 778 2435 prae
804 2338 959 2412 novitate
986 2346 1114 2437 stupet,

208 2498 211 2502 ·
271 2457 458 2532 Demirans
483 2458 608 2554 interq.
636 2482 762 2531 manus
789 2468 825 2532 et
848 2460 989 2532 brachia
1014 2485 1164 2546 versans,

321 2580 451 2652 Contra
476 2578 645 2652 Caeciliae
670 2579 753 2653 talia
779 2590 1039 2654 commemorat.

272 2701 353 2775 Non
379 2708 441 2773 tua
466 2701 639 2797 majorum
666 2711 831 2776 contenta
857 2711 908 2775 est
934 2703 1045 2800 gloria
1069 2702 1171 2776 fama.

320 2821 401 2895 Hoc
426 2829 509 2895 tuus
535 2821 675 2918 adjiciat
699 2848 744 2895 nc
768 2821 883 2919 pudor
908 2823 1063 2920 elogium

271 2943 403 3040 Magna
427 2942 572 3040 quidem
597 2942 641 3016 de
667 2952 701 3018 te
727 2943 851 3040 sparsit
875 2944 1061 3040 praeconia
1086 2969 1216 3030 rumor,

320 3065 427 3138 Nulla
450 3064 595 3161 pudoris
619 3064 706 3138 item
731 3065 848 3137 nescia
872 3074 963 3137 terra
987 3065 1041 3139 tui
1066 3074 1128 3138 est.

273 3185 348 3260 Nec
375 3186 441 3260 tibi
465 3186 663 3283 per'totam
690 3185 852 3272 Romam,
879 3211 944 3259 nec
970 3186 1052 3259 solis
1078 3186 1122 3259 ab
1148 3195 1239 3260 ortu.
1352 3189 1356 3194 ’

320 3307 417 3382 Inter
439 3307 614 3402 virgineos
637 3307 709 3380 ulla
734 3307 888 3380 secunda
911 3308 1044 3381 choros.

272 3428 383 3502 Crede
408 3436 444 3503 et
468 3428 535 3500 hoc
559 3427 662 3500 nobis
687 3428 801 3502 minor
826 3438 879 3503 est
902 3437 965 3502 tua
989 3429 1099 3525 gloria
1123 3454 1216 3516 vero,

321 3550 410 3646 Deq.
438 3548 573 3645 pudore
599 3558 661 3623 tuo
687 3549 779 3622 fama
803 3550 958 3646 maligna
982 3551 1098 3647 palam
1124 3559 1184 3623 est.

260 3673 416 3744 'Caetera
441 3695 549 3767 quam
574 3670 712 3743 radians
737 3671 895 3769 precellit
921 3671 1059 3745 Lucifer
1083 3682 1184 3757 astra

320 3791 477 3867 Virtutes
501 3791 653 3887 reliquas
678 3800 750 3865 tam
776 3793 891 3889 pudor
915 3800 1092 3892 exuperat.
1349 3880 1351 3885 s

272 3914 328 3986 'lu
352 3912 459 3985 modo
486 3913 558 3985 sola
582 3913 698 4010 places
724 3939 789 3986 neo
814 3923 849 3987 te
874 3923 1011 4014 praeter
1033 3915 1071 3987 in
1096 3913 1183 3987 urbe
1326 3942 1328 3944 ’

320 4035 435 4108 Immo
462 4034 546 4106 orbe
572 4041 634 4120 est,
661 4034 771 4107 oculis
795 4035 868 4107 ulla
893 4036 1022 4132 pudica
1046 4036 1134 4109 meis

273 4155 491 4252 Responsvra
516 4164 578 4248 tuo
603 4180 798 4253 numquam
823 4182 887 4255 par
911 4157 1003 4230 fame
1027 4157 1165 4254 pudori,
1288 4217 1289 4220 ,

321 4277 426 4353 Terra
451 4284 504 4349 sat
529 4301 548 4348 a
573 4276 689 4350 fructu
715 4302 821 4373 quam
846 4277 891 4351 sit
915 4303 1062 4351 amoena
1087 4277 1198 4357 docet.
1291 4360 1293 4364 μ
