3044 4904
246 291 293 367 28
634 357 638 363 .
667 311 776 367 curor
801 312 994 366 snouuuuu.

245 527 307 624 qui
340 526 492 601 carmina
528 527 643 599 divina
678 527 850 599 cocinaret
874 527 1097 600 immaculato
1123 526 1266 622 virginis
1292 527 1417 623 spiritu

247 649 427 746 copularit,
461 660 507 721 na
539 649 606 724 etis
640 650 734 745 toplo
760 648 1013 746 Hierosolymis
1038 648 1143 722 hrisse
1168 648 1286 744 legim’
1313 649 1415 746 virgi·

244 797 307 844 nes
349 772 532 868 deputatas
575 769 695 843 Hiero
731 770 894 842 adversus
932 769 1178 843 Jovinianum:
1218 769 1416 845 Hieremias

243 891 305 988 qui
330 893 366 964 in
392 900 491 966 utero
518 892 753 965 sanctificatus
777 899 829 964 ost
850 900 886 965 et
913 891 1074 986 cognitus
1100 892 1137 963 in
1158 892 1263 964 vulva
1282 894 1415 978 matris,

242 1015 322 1088 ideo
347 1015 414 1087 hoo
440 1014 622 1110 privilegio
647 1014 784 1097 fruitur,
807 1026 856 1108 qu
877 1012 1087 1109 virginitatis
1111 1022 1184 1087 erat
1204 1014 1417 1087 beatitudini

244 1136 447 1220 destinatus,
463 1145 498 1210 at
518 1150 563 1209 ci'r
577 1149 634 1209 eos
652 1141 681 1225 1)
697 1135 790 1231 capti
804 1136 874 1209 sint
888 1159 1002 1230 vasaq.
1027 1134 1112 1230 tspli
1129 1133 1320 1207 Baliloniae
1334 1161 1416 1231 rago

243 1267 374 1332 vastate
399 1258 544 1355 direpta,
571 1258 637 1332 iste
662 1257 723 1328 sol’
746 1255 835 1328 liber
869 1255 913 1327 ab
940 1255 1069 1328 hostib'
1098 1265 1151 1330 est
1174 1265 1211 1330 et
1237 1257 1417 1353 captivita-

243 1378 288 1452 tis
313 1379 423 1453 nascit
456 1379 600 1474 injurias
626 1387 707 1452 eta
741 1377 934 1450 victoribus
967 1377 1095 1473 accipit
1125 1377 1310 1474 stipendia.
1347 1377 1416 1450 Na·

248 1500 436 1572 bucardum
458 1500 554 1573 enim
579 1499 622 1573 de
649 1500 777 1572 sanctis
800 1507 999 1572 sanctorum
1022 1497 1328 1593 Nabugodonosor
1344 1524 1417 1571 non

244 1631 467 1718 praeceperat
490 1622 668 1718 praecepit
693 1621 736 1694 de
765 1620 954 1705 Hieremia,
981 1621 1048 1693 hoo
1073 1620 1168 1693 enim
1190 1621 1310 1693 vivum
1331 1631 1440 1709 tem·¹

244 1743 344 1838 plum
379 1744 437 1816 dei
471 1753 524 1818 est
558 1752 593 1816 et
624 1744 709 1818 haec
744 1752 863 1816 sancta
895 1747 1059 1816 sanctorir
1091 1767 1181 1838 quae
1207 1742 1417 1838 virginitatis

241 1864 381 1961 pudore
408 1862 551 1936 domino
578 1875 832 1939 consecrantur.

294 1985 413 2057 Hiero.
451 1987 615 2057 adversus
649 1985 884 2057 Jovinianum.
920 1985 1005 2058 Post
1029 2010 1168 2058 crucem
1194 1984 1323 2058 Christi
1349 1992 1416 2058 sta·

245 2106 310 2179 tim
343 2107 380 2178 in
411 2107 495 2180 actis
528 2108 776 2202 Apostolorum
812 2133 884 2180 una
918 2107 1045 2179 domus
1071 2107 1225 2202 Philippi
1259 2107 1414 2202 Evange-

244 2226 343 2300 listae
369 2226 538 2322 quadriga
557 2228 733 2323 virginum
758 2229 911 2301 filiarum
932 2228 1094 2324 producit
1120 2236 1162 2301 ut
1185 2227 1351 2299 Caesarea
1377 2228 1413 2299 in

245 2372 315 2441 qua
352 2373 392 2419 ex
432 2349 595 2442 gentibus
633 2349 776 2421 ecclesia
821 2374 883 2445 per
921 2349 1171 2422 Centurionem
1211 2348 1415 2421 Cornelium

245 2468 358 2542 fuerat
404 2469 573 2554 dedicata,
623 2471 726 2542 etiam
776 2470 953 2564 virginum
999 2470 1195 2565 puellarum
1234 2471 1418 2566 praeberet

244 2591 412 2686 exempla,
448 2593 496 2664 At
528 2617 608 2663 mox
643 2592 793 2664 ibidem:
829 2582 1058 2663 lhanseamus
1091 2591 1136 2663 ad
1160 2590 1332 2663 Jacobum
1355 2591 1418 2688 qui

182 2746 185 2752 ·
244 2711 348 2785 frater
374 2710 509 2784 doi'nini
542 2712 731 2796 dicebatur,
769 2721 885 2785 tantae
911 2712 1111 2796 sanctitatis,
1139 2722 1291 2808 tantaeq,
1316 2713 1418 2809 justi-

243 2833 311 2905 tiae
337 2842 373 2906 ot
396 2842 585 2930 perpetuae
619 2834 839 2928 virginitatis,
875 2843 916 2906 ut
940 2832 1114 2929 dosophus
1139 2859 1244 2929 quoq.
1280 2834 1416 2906 histori-

244 2979 305 3025 cus
337 2954 532 3027 Judeorum
566 2963 709 3051 propter
742 2955 846 3051 hujus
875 2968 960 3027 noce
985 2954 1228 3051 Hierosolyma
1254 2955 1418 3027 subversa

243 3075 376 3150 referat.
404 3076 616 3149 Athanasius
643 3077 686 3148 da
709 3077 869 3173 passione
891 3076 1043 3148 domini:
1072 3075 1176 3148 Nunc
1198 3077 1291 3149 enim
1315 3077 1417 3172 pueri

242 3196 473 3293 voluptatum,
510 3222 599 3293 quae
634 3198 813 3293 quondam
847 3198 950 3272 etiam
987 3221 1085 3268 senes
1111 3197 1298 3271 seducebat
1328 3197 1417 3270 deri·

243 3318 329 3391 dent
360 3318 431 3412 idq.
469 3319 628 3390 nondum
665 3319 860 3413 legitimam
886 3317 1032 3414 ingressi
1058 3325 1218 3403 aetatem,
1245 3318 1417 3414 pudicitia

243 3464 332 3535 quae
359 3464 463 3535 supra
487 3440 601 3534 legem
629 3449 681 3513 est
704 3440 868 3525 induunt,
894 3440 1046 3534 virgines
1068 3446 1247 3511 manentes
1268 3464 1416 3535 perver-

241 3561 328 3631 bum
355 3561 490 3633 caloant
517 3562 737 3657 serpentinae
764 3561 954 3656 voluptatis
978 3560 1129 3632 fallacias
1150 3560 1238 3632 nihil
1259 3569 1415 3634 metucn-

242 3691 294 3754 tas
326 3682 432 3777 hujus
464 3681 609 3755 lethales
643 3708 779 3755 morsus
815 3681 911 3754 Haec
946 3682 1016 3766 ille,
1052 3681 1158 3771 Quod
1182 3681 1290 3776 igitur
1314 3681 1416 3776 pueri

241 3810 276 3874 at
301 3802 462 3896 virgines,
490 3813 525 3876 et
553 3804 579 3875 ii
606 3804 749 3899 quidem
773 3814 820 3874 no
848 3804 962 3875 solum
988 3802 1121 3874 indocti
1146 3803 1206 3876 sad
1228 3810 1263 3874 et
1282 3802 1412 3889 rustici,

241 3932 482 4008 contemnunt,
519 3924 557 3995 id
588 3925 682 3996 docti
708 3923 782 4008 viri,
809 3948 918 4008 sance,
946 3932 982 3996 et
1005 3931 1046 3996 ut
1070 3924 1157 3996 nihil
1184 3923 1281 3995 aliud
1307 3948 1415 3996 sacer·

239 4044 348 4129 dotas,
373 4045 474 4141 juxta
505 4070 545 4117 ac
572 4045 821 4118 ecclesiasticae
848 4044 1119 4142 concupiscent?

281 4302 372 4378 1)εόε
394 4326 435 4352 --
459 4305 511 4363 oas
533 4327 574 4352 =
596 4306 714 4362 omnes?
