3044 4904
182 272 229 347 30
606 288 714 342 error
739 288 931 341 arcannm.

229 505 487 597 Quinctilianus
521 503 597 577 Lib.
633 504 675 575 V.
710 502 769 577 Ca.
805 502 842 575 Π
875 503 921 575 ad
955 504 1236 579 exhortationem
1273 530 1352 579 vero

181 627 366 726 praecipue
399 626 517 700 valent
548 624 705 721 imparia,
740 623 979 709 admirabilior
1002 624 1040 697 in
1064 624 1221 699 foemina
1244 651 1352 725 quam

181 749 217 822 in
251 749 326 820 viro
359 747 478 821 virtus.
515 746 636 819 Cicero
668 746 704 818 in
740 744 786 818 II.
821 746 947 818 'Iuscu
974 745 1041 818 hoc
1076 746 1178 843 pueri
1202 757 1353 844 possunt

182 869 245 942 viri
272 893 342 940 non
369 866 560 964 poterunt?
584 865 703 939 Hiero.
727 866 819 940 Prot.
846 866 961 962 pudor
980 866 1134 963 fragilior
1153 892 1259 941 sexus
1279 870 1352 942 vin·

181 990 229 1064 cit
249 990 416 1073 seculum,
440 996 475 1061 et
495 987 670 1060 robustior
691 996 874 1083 superatur
895 988 1056 1061 asecuio
1071 987 1165 1062 Eras.
1181 990 1350 1065 Roterod.

180 1110 257 1185 Lib.
293 1108 403 1182 Eccle.
440 1107 505 1180 ΙΙΙ.
541 1107 635 1180 Illud
669 1109 752 1182 artis
785 1117 847 1194 est,
883 1116 925 1181 ut
956 1109 1077 1206 exepla
1109 1134 1201 1206 quae
1225 1136 1293 1207 per
1316 1136 1352 1184 se

179 1240 262 1303 srrnt
286 1229 442 1326 imparia,
468 1253 531 1324 per
556 1229 860 1325 amplificationem
883 1255 924 1302 ac
946 1228 1218 1304 diminutionem
1238 1232 1352 1328 magis

180 1351 326 1447 imparia
358 1349 551 1422 videantur.
587 1349 629 1421 Id
660 1351 701 1421 fit
725 1349 859 1424 collatis
881 1351 1044 1423 omnibus
1069 1350 1349 1438 circumstantiis,

181 1471 289 1545 voluti
323 1471 352 1543 si
386 1469 580 1542 sacerdotes
615 1468 659 1540 ad
691 1470 943 1545 continentiam
978 1471 1177 1558 exhorteris,
1214 1473 1351 1546 Primus

181 1590 309 1689 gradus
334 1589 446 1663 estin
473 1614 566 1662 sexu.
594 1590 712 1684 Agnes
738 1596 773 1662 et
798 1590 948 1663 Caecilia
973 1591 1122 1664 feminae
1149 1600 1258 1678 erant,
1291 1594 1349 1666 AJ-

180 1724 234 1788 tcr
259 1711 294 1784 in
321 1720 445 1795 astato,
471 1710 608 1806 puellae
636 1720 744 1785 erant.
779 1712 918 1786 Tertius
950 1712 994 1784 ab
1027 1713 1149 1786 habitu
1183 1713 1348 1810 corporis,

182 1831 320 1929 egregia
345 1832 465 1903 forma.
494 1831 648 1921 Quartus
673 1832 711 1904 in
737 1832 941 1906 educatione
971 1840 1006 1905 et
1030 1833 1169 1907 fortuna
1193 1841 1255 1918 est,
1283 1835 1349 1907 cla-

180 1954 227 2027 ris
261 1962 295 2025 et
329 1952 495 2026 divitibus
527 1961 729 2048 prognatae,
761 1953 798 2024 in
833 1953 964 2025 deliciis
990 1953 1167 2028 educatae.
1195 1952 1351 2044 Quintus

182 2073 450 2157 conditionibus,
485 2071 612 2145 liberae
648 2081 756 2158 erant,
782 2073 887 2145 nullis
912 2073 1071 2146 astrictae
1096 2074 1199 2147 notis.
1227 2075 1352 2149 Sextus

181 2195 218 2269 in
239 2194 341 2265 variis
361 2193 674 2280 circumstantibus,
696 2203 737 2268 ut
757 2220 778 2266 a
799 2195 1001 2291 parentibus
1022 2194 1066 2266 ad
1087 2194 1352 2270 matrimonium

183 2315 406 2411 urgebantur,
441 2339 461 2386 a
494 2314 608 2409 procis
641 2314 788 2411 egregiis
820 2316 1080 2411 expetebantur,
1106 2341 1171 2389 nec
1195 2317 1276 2390 ullis
1301 2328 1351 2393 ta-

183 2460 264 2511 mon
298 2435 467 2509 machinis
500 2436 690 2532 expugnari
724 2445 896 2533 poterant,
926 2445 967 2510 ut
991 2436 1225 2532 virginitatem
1251 2439 1350 2513 licito

184 2557 288 2631 ctiam
333 2556 555 2629 matrimonio
602 2566 866 2630 commutarent.
915 2557 959 2631 Et
996 2556 1054 2631 isti
1090 2556 1154 2630 viri
1193 2558 1351 2655 quidam,

183 2678 288 2753 ctiam
323 2686 505 2773 provectae
531 2677 652 2750 aetatis
677 2676 714 2749 in
739 2678 862 2752 litteris
888 2703 928 2751 ae
953 2678 1171 2752 monasteriis
1198 2679 1352 2770 educati,

183 2799 273 2874 votis
299 2798 440 2884 astricti,
467 2797 731 2871 dehortantibus
757 2799 888 2886 amicis,
915 2800 1094 2896 proposita
1119 2799 1273 2888 infamia,
1304 2815 1353 2876 no

183 2920 250 2994 lcvi
285 2921 436 2995 clamant
470 2944 505 2993 se
539 2944 610 2991 non
644 2943 745 3014 posse
775 2919 961 3007 continere,
997 2920 1058 2993 sed
1092 2928 1153 3013 aut
1179 2921 1355 3018 arripiunt

184 3067 318 3127 uxores,
345 3050 407 3114 aut
432 3042 532 3114 alunt
553 3041 775 3126 concubinas,
806 3050 868 3115 aut
892 3041 989 3137 quod
1014 3048 1067 3113 est
1092 3040 1252 3113 omnium
1282 3068 1354 3117 sce·

183 3162 429 3238 ieratissimum
456 3188 543 3259 vago
569 3162 760 3236 concubitu
786 3162 1147 3251 secontaminant.1)
1265 3261 1269 3268 Ι

229 3429 251 3506 ¹)
272 3427 404 3505 Sequitur
423 3429 459 3488 D.
483 3429 618 3488 Caeciliae
640 3429 757 3505 virginis
779 3450 810 3490 ac
831 3430 960 3509 martyris
982 3431 1047 3491 vita.
1069 3431 1142 3491 Vide
1161 3431 1207 3490 inf
1236 3476 1243 3490 .

670 3863 684 3892 ,
710 3847 964 3961 oasa<

623 3901 649 3945 ,a
717 3924 749 3958 ,
966 3904 977 3917 ·
