3044 4904
590 291 709 343 mann
733 289 945 349 uoornsrnn.
1274 269 1343 349 107

182 536 327 598 camere,
375 538 456 585 cum
504 520 579 587 toto
614 510 735 609 undiq.
775 509 944 607 scriptura
980 517 1109 585 scateat
1143 509 1346 608 hujusmodi

182 635 396 710 testimoniis.
433 635 512 709 Non
546 632 589 707 ab
614 658 651 707 re
675 633 778 707 luerit
802 632 859 705 hic
885 632 1009 706 referre
1033 633 1167 730 aliquot
1189 633 1343 733 paradiq.

180 765 274 832 mato
298 757 368 831 sive
394 756 563 854 exempla,
588 755 781 854 praeceptis
802 755 896 829 enim
917 780 1016 829 aures
1037 755 1107 830 lere
1127 755 1344 842 imbuuntur,

163 880 338 978 „exempla
369 879 497 954 docent
530 879 659 953 oculos.
695 878 890 953 Antiochus
919 878 1051 965 tertius,
1077 905 1187 977 quum
1212 879 1344 953 Dianae

180 1002 396 1078 sacerdotum
421 1001 564 1078 vidisset
588 999 837 1100 supramodum
863 1000 1012 1097 eleganti
1036 1000 1155 1089 forma,
1179 1001 1345 1077 continuo

180 1125 282 1200 solvit
314 1124 461 1223 Epheso,
495 1124 694 1199 veritusne
719 1123 772 1196 vis
797 1123 924 1196 amoris
949 1123 1082 1223 aliquid
1108 1124 1208 1199 illum
1234 1124 1344 1199 lacere

180 1246 403 1345 compelleret
427 1245 522 1345 quod
546 1246 597 1320 las
620 1271 692 1321 non
718 1254 807 1320 esset
826 1246 865 1319 Τ.
888 1245 1007 1320 Livius
1027 1245 1082 1319 ΠΙ
1102 1246 1188 1320 deca
1207 1246 1268 1321 lib.
1282 1246 1343 1320 VI.

224 1369 420 1444 Alexander
452 1395 532 1443 cum
566 1369 664 1442 Darii
696 1369 785 1442 filias
817 1368 961 1444 haberet
995 1369 1156 1468 captivas,
1188 1369 1345 1443 demissis
1391 1390 1396 1402 ’

177 1493 286 1566 oculis
322 1516 379 1565 eas
413 1492 596 1578 salutabat,
631 1491 701 1590 idq.
737 1517 814 1564 raro
849 1491 916 1565 sibi
951 1501 1111 1567 metuens
1135 1493 1179 1565 ab
1204 1491 1343 1566 illarum

176 1613 305 1711 insigni
317 1613 437 1688 forma.
456 1613 563 1712 Apud
577 1612 760 1688 familiares
769 1623 887 1690 autem
900 1613 1014 1689 dicere
1035 1615 1185 1689 solebat:
1199 1615 1346 1689 Dolores

176 1737 356 1810 oculorum
390 1745 472 1811 sunt
505 1735 661 1811 Persicae
693 1736 848 1834 puellae:
882 1736 992 1814 Item:
1026 1737 1150 1835 Turpe
1174 1763 1248 1812 esse
1282 1737 1345 1835 qui

175 1859 266 1931 viros
299 1859 470 1945 vicissent,
506 1884 526 1931 a
559 1859 763 1933 mulieribus
787 1859 941 1957 superari
964 1859 1002 1933 C.
1030 1859 1198 1958 Sulpitius
1223 1858 1345 1932 Gallus

175 2005 318 2054 uxorem
350 1981 557 2079 repudiavit,
591 1981 686 2079 quod
711 1989 833 2079 aperto
859 1981 970 2079 capite
996 1981 1117 2057 fuisset
1140 1981 1232 2054 loris.
1259 1981 1342 2067 Lex,

174 2103 347 2201 inquiens,
371 2103 438 2179 tibi
462 2129 559 2178 meos
584 2104 745 2202 praefinit
769 2105 899 2191 oculos,
924 2104 1052 2202 quibus
1073 2104 1219 2179 formam
1244 2112 1342 2178 tuam

174 2226 354 2324 approbes,
389 2226 443 2298 his
477 2235 654 2301 ornameta
687 2236 860 2324 coparato,
894 2226 948 2300 his
980 2236 1052 2301 esto
1079 2227 1241 2325 speciosa,
1266 2226 1342 2301 aliis

174 2348 262 2422 velle
299 2347 408 2423 videri
441 2348 601 2434 formosa,
628 2349 665 2422 in
690 2348 886 2448 suspicione
911 2357 946 2422 et
971 2349 1008 2421 in
1033 2349 1176 2423 crimine
1200 2349 1341 2423 haereas

173 2495 311 2545 necesse
336 2479 389 2546 est
415 2481 479 2546 etc.
500 2477 530 2562 1)

662 2697 854 2706 ——n-——n—

287 2865 471 2966 llclogae
499 2865 777 2948 Procedentls
804 2821 1117 2966 Argumentum
1145 2885 1220 2967 per

436 2996 644 3080 Alardum
673 2994 1073 3127 Amstelredamum.

229 3194 232 3198 “
366 3197 446 3271 Νοη
473 3199 521 3272 sic
547 3198 702 3297 scorpius
727 3197 909 3296 improbus
934 3197 1111 3271 timendus

364 3319 413 3393 Ut
437 3319 573 3408 lasciva,
601 3322 693 3394 salax
720 3329 755 3394 et
780 3319 958 3418 impudica

369 3440 518 3516 Vitanda
544 3454 595 3519 est
620 3443 795 3528 Galataea,
821 3441 952 3515 blanda
977 3441 1078 3530 siren,

364 3563 470 3638 Dulci
495 3566 597 3639 melle
620 3566 725 3640 litum
752 3589 925 3638 venenum
950 3589 1118 3652 amarum,

366 3686 461 3761 Citra
484 3687 581 3784 ligna
606 3688 752 3785 locoque
778 3686 832 3759 fax
858 3686 1007 3759 adurens

368 3806 609 3908 Clangoremq,
637 3810 742 3883 tubae
771 3817 915 3882 cruenta
940 3817 1069 3905 strages

363 3929 525 4004 Praesens
556 3931 701 4006 exitium
726 3939 833 4029 caput
858 3931 1040 4016 malorum,

363 4051 540 4126 Nimirum
565 4054 692 4128 mulier
715 4078 840 4151 parum
866 4051 1034 4138 modesta,
1178 4037 1183 4071 ⁵

172 4225 365 4234 ——-

213 4319 235 4397 ¹)
259 4320 338 4394 Vide,
358 4322 449 4399 quoad
472 4327 587 4394 caetera,
609 4323 744 4400 originale
765 4323 795 4382 in
816 4319 950 4381 Biblioth.
972 4304 1120 4402 Thysiana.
