3044 4904
196 347 248 423 '14
622 373 730 421 curor
756 369 947 420 sacounou.

197 583 306 654 animi
339 582 567 656 destinatione
600 593 669 678 atq.
702 582 945 655 exercitatione
978 590 1138 654 naturam
1173 582 1219 654 ad
1251 607 1374 679 super·

196 703 302 789 biam,
324 703 517 788 libidinem,
542 703 643 799 aliaq.
667 728 796 798 magna
816 702 900 775 vitia
919 703 1121 800 proniorem
1143 703 1181 774 in
1194 702 1375 776 diversum

197 825 345 908 flectere,
369 822 493 920 quidni
513 823 608 896 idem
628 824 763 919 possint
787 823 1001 896 Christianae
1027 822 1155 896 Christi
1180 824 1292 918 gratia
1311 824 1375 896 ad·

194 944 303 1040 jutae,
326 952 412 1040 totq.
443 943 638 1040 insignibus
660 944 827 1040 exemplis
852 955 1058 1040 provocatae
1076 950 1116 1033 1).
1144 945 1316 1018 Praesenti
1342 944 1375 1018 si

197 1088 239 1137 ex
271 1076 327 1136 aio
361 1063 417 1136 dci
450 1063 583 1136 auxilia
607 1065 810 1160 postularit3
841 1065 1044 1162 postulabat
1068 1089 1150 1137 vero
1184 1066 1374 1140 siintimis

197 1184 309 1259 cordis
348 1184 540 1270 affectibus,
587 1185 755 1281 suspiriis,
793 1185 994 1281 gemitibus,
1041 1185 1178 1281 vigiliis,
1214 1186 1373 1282 jejuniis,

197 1305 445 1391 chamaeuniis,
474 1304 771 1390 meditationibus,
806 1305 954 1377 assiduis
978 1305 1229 1401 scripturarum
1252 1306 1374 1380 lectio·

195 1426 309 1498 nibus.
343 1425 411 1522 piis
449 1425 619 1499 exercitiis
654 1425 894 1522 frequentibus
928 1426 1195 1521 precationibus,
1235 1425 1374 1500 donum

197 1546 265 1619 hoc
290 1572 311 1618 a
335 1545 401 1619 deo
426 1545 584 1619 nitantur
608 1545 805 1641 impetrare.
834 1545 960 1618 Proide
985 1555 1060 1618 tota
1082 1554 1201 1619 errant
1221 1547 1287 1633 via,
1309 1549 1374 1644 qui

197 1677 244 1738 no
279 1675 442 1739 verentur
474 1665 777 1761 impudentissime
802 1667 999 1763 obstrepere
1024 1667 1103 1739 illos
1127 1692 1204 1738 rem
1228 1691 1373 1764 prorsus

196 1787 449 1883 impossibilem
470 1795 614 1873 tentare,
649 1787 712 1883 qui
747 1796 829 1859 voto
867 1797 1038 1885 suscepto,
1073 1813 1146 1861 sese
1179 1798 1372 1885 perpetuae

195 1907 410 2005 mancipiant
434 1907 594 1992 castitati,
618 1919 775 2003 votumq.
797 1907 887 1980 illud
907 1909 994 1981 nihil
1014 1909 1111 1981 aliud
1133 1934 1240 2006 quam
1261 1919 1372 1984 teme·

195 2027 326 2099 rarium
344 2027 446 2124 juxta
458 2052 498 2099 ac
512 2027 747 2101 deridiculum
761 2054 834 2102 esse
846 2030 1067 2126 promissum.
1092 2029 1216 2119 Quid?
1238 2030 1372 2104 Paulus

192 2148 251 2221 ille
276 2148 353 2221 vult
378 2172 501 2220 omnes
525 2149 684 2222 homines
705 2149 796 2223 siout
816 2158 851 2222 et
870 2150 944 2246 ipse
967 2161 1123 2237 estesse,
1152 2152 1250 2224 novit
1271 2153 1368 2225 enim

193 2279 326 2365 quanta
357 2269 495 2341 castitas
528 2268 687 2343 mercede
720 2280 895 2367 pensetur.
931 2271 1044 2368 Atqui
1077 2296 1272 2368 numquam
1297 2273 1367 2346 hoc

194 2389 360 2465 voluisset
384 2392 575 2486 Apostolus
600 2391 630 2463 si
654 2391 731 2464 fieri
756 2391 898 2464 omnino
923 2416 994 2464 non
1025 2402 1152 2489 posset.
1187 2393 1277 2467 Dico
1303 2403 1369 2468 aut

194 2511 318 2607 inquit,
345 2537 418 2584 non
443 2511 562 2608 nuptis
588 2522 623 2585 et
648 2511 782 2583 viduis:
815 2513 951 2585 bonum
976 2522 1028 2586 est
1052 2513 1136 2609 ipsis
1162 2514 1190 2586 si
1215 2514 1265 2586 sic
1289 2540 1367 2612 per-

194 2631 385 2709 manserint
416 2630 508 2703 siout
540 2640 576 2705 et
608 2656 684 2727 ego.
714 2637 768 2705 An
793 2658 865 2705 non
890 2657 1100 2730 magnopere
1125 2636 1366 2732 appetendum

194 2751 290 2848 quod
314 2776 335 2823 a
358 2758 456 2825 tanto
482 2752 622 2825 doctore
647 2751 834 2827 laudatur?
858 2752 914 2825 Bu
940 2755 1071 2827 valebis
1098 2758 1247 2829 Amstel.

243 2950 261 3035 t
288 2949 319 3018 1.
346 2945 653 3045 Compendiarium
680 2945 895 3043 virginitatis
920 2947 1140 3021 Encomium.

242 3116 378 3190 11111111.
413 3117 494 3211 Cap.
520 3117 624 3191 LVI.
651 3117 696 3189 Et
727 3142 799 3189 non
825 3117 917 3190 dicat
941 3116 1152 3192 Eunuchus:
1180 3118 1269 3194 Ecce
1294 3146 1362 3218 ego

191 3236 328 3334 lignum
367 3235 515 3323 aridum,
549 3235 633 3335 quia
664 3237 749 3311 haec
783 3237 868 3312 dicit
906 3238 1071 3312 dominus
1108 3240 1294 3314 eunuchis:
1333 3242 1364 3315 si

192 3355 421 3431 custodierint
434 3355 576 3431 sabbata
597 3382 676 3431 mea
688 3368 724 3431 et
733 3359 900 3455 elegerint
914 3384 1002 3456 quae
1015 3360 1121 3433 velim
1135 3371 1170 3434 et
1182 3362 1363 3436 tenuerint

118 3470 124 3481 ’
191 3477 315 3550 foedus
348 3501 479 3563 meum,
514 3477 604 3550 dabo
641 3478 690 3551 eis
722 3477 759 3551 in
784 3479 889 3553 domo
916 3505 993 3553 mea
1018 3485 1114 3554 etin
1141 3483 1248 3556 muris
1274 3483 1362 3558 meis

190 3597 309 3672 locum
343 3605 379 3672 et
411 3623 541 3672 nomen
574 3599 700 3673 melius
725 3626 746 3673 a
770 3601 851 3674 filiis
876 3610 912 3676 et
931 3602 1079 3690 filiabus,
1106 3616 1210 3677 nome
1235 3605 1361 3703 sempi-

190 3728 294 3793 term‘r
319 3718 409 3792 dabo
436 3719 484 3794 eis
508 3721 566 3818 qd'
593 3733 640 3794 no
667 3721 805 3818 peribit.

238 3842 379 3935 sapient
401 3841 485 3915 III.
520 3842 617 3915 Felix
652 3852 703 3917 est
737 3842 862 3916 sterilis
889 3854 924 3918 et
956 3843 1229 3943 incoinquinata,
1255 3870 1356 3944 quae

187 3959 333 4033 nescivit
365 3961 506 4034 thorum
539 3963 577 4034 in
603 3962 740 4050 delicto,
766 3966 910 4039 habebit
934 3967 1087 4040 fructum
1112 3967 1149 4038 in
1173 3968 1356 4066 respectio·

187 4106 271 4155 nem
302 4081 497 4157 animarum
530 4095 738 4172 sanctarum,
772 4084 818 4160 Et
851 4088 959 4184 spado
993 4087 1055 4185 qui
1089 4113 1161 4160 non
1194 4100 1356 4187 operatus

228 4336 251 4421 1)
271 4338 358 4399 Recta
377 4337 566 4419 interpunctio
587 4360 644 4401 non
665 4361 728 4401 raro
748 4341 923 4402 desideratur
941 4343 972 4402 in
995 4334 1135 4429 originali.
