3044 4904
179 285 227 359 60
609 311 718 365 emur
743 312 907 364 nunnoni.

275 524 427 597 Delicias
453 534 489 598 et
514 550 607 622 opes,
635 534 670 599 et
695 526 853 611 honores,
880 551 996 622 regna,
1027 538 1196 626 parentes,

324 647 433 737 Quim
458 647 531 722 vis
554 647 684 722 Christi
709 649 840 745 sprevit
863 674 980 722 amore
1004 650 1140 724 lubens.

272 770 321 846 Te
345 771 431 844 levis
455 770 611 855 ambitio,
638 771 823 867 perfulssq.
850 770 961 866 glorie
984 771 1064 846 fuco

321 892 530 988 Sordiduliq.
556 893 646 964 lucri
670 893 771 990 copie
796 892 968 968 sollicitet.

170 1074 172 1078 Α
273 1014 380 1105 Quod
406 1015 522 1112 potuit
546 1014 683 1100 mulier,
710 1015 831 1111 adeoq.
858 1015 1046 1089 tenerrime
1071 1015 1168 1113 virgo

320 1137 477 1222 Pulchre,
504 1136 625 1234 perite,
652 1146 786 1234 potens,
812 1137 950 1223 nobilis,
976 1138 1138 1236 ingenue.

272 1258 327 1331 Tu
351 1259 413 1345 vir,
440 1267 481 1332 tu
507 1267 646 1355 mystes,
674 1259 822 1345 tudun,
849 1271 889 1335 tu
913 1260 1029 1357 deniq.
1056 1268 1183 1357 postor,

318 1379 400 1452 Non
425 1389 582 1476 utcumq.
609 1381 723 1454 feres?
748 1381 822 1472 (Dii
848 1383 1004 1472 meliors)
1029 1381 1127 1455 feres.

272 1501 371 1575 Haec
397 1510 471 1575 tots
495 1503 649 1599 ingenus
675 1511 727 1578 est
753 1529 817 1577 ceu
843 1513 987 1600 spectus,
1015 1512 1196 1589 stenmate,
1223 1504 1300 1579 sive

322 1623 450 1714 Mores,
477 1623 671 1721 ingenium,
697 1625 845 1699 divitias
862 1635 898 1699 ct
923 1651 1017 1722 opes,

271 1747 326 1820 Tu
352 1755 506 1843 quantus
531 1756 683 1844 quantus
709 1748 824 1838 (liceat
848 1747 953 1821 mode
979 1747 1092 1820 dicere
1117 1753 1255 1839 verum)

191 1869 193 1874 ’
318 1867 485 1942 Sordibus
511 1877 546 1941 et
570 1869 712 1942 sordens
738 1869 969 1967 qualiscumq.
996 1869 1080 1942 fucis

272 1991 397 2064 Indole
422 2000 576 2088 spectatu
601 1992 720 2087 generi
744 1992 933 2088 respondet
957 1992 1060 2077 avit0,

319 2114 374 2185 'Pu
399 2113 506 2185 nimis
530 2139 550 2185 a
575 2113 688 2209 patrio
714 2122 896 2187 stemmate
922 2113 1120 2209 degeneras.

269 2235 335 2307 Illa
362 2234 468 2307 etiam
492 2260 629 2330 genere,
657 2245 727 2330 atq.
755 2235 891 2331 opibus,
918 2235 1047 2309 virtute
1072 2235 1245 2331 stupenda

319 2356 525 2446 Quomlibet
549 2356 749 2452 alloquitur,
776 2356 921 2429 cuilibet
944 2357 1074 2428 auxilio
1100 2364 1160 2429 est.

268 2479 323 2551 Tu
348 2503 428 2574 neq.
455 2477 602 2563 devitiis,
629 2503 693 2550 nec
719 2477 801 2563 evis,
827 2503 892 2550 uec
918 2485 1102 2552 stemmate
1127 2479 1241 2552 clarus

320 2600 437 2690 Quem
462 2625 535 2672 non
559 2599 703 2685 fastidis,
730 2599 888 2695 negligis,
916 2599 1140 2695 obloqueris?

271 2722 374 2795 Hanc
399 2722 511 2795 semul
536 2720 698 2793 Urbanus
723 2747 819 2793 sacro
846 2746 942 2794 secer
966 2721 1079 2795 abluit
1104 2746 1217 2795 smne.

315 2845 400 2917 Mox
425 2851 585 2940 suscepto
610 2843 676 2915 deo
701 2843 845 2916 reddere
870 2851 951 2915 voto
975 2842 1094 2915 studet

266 2968 315 3041 Te
342 2967 437 3064 quod
464 2965 640 3062 conceptis
665 2965 779 3037 verbis
804 2964 1016 3060 baptismate
1040 2964 1184 3060 sponde.

314 3089 415 3161 Illinc
440 3089 632 3185 digressum
657 3113 729 3159 non
753 3085 952 3159 meminisse
975 3086 1085 3182 juvat.
1112 3087 1154 3177 (l)

266 3212 376 3285 Totus
401 3236 438 3283 es
464 3211 624 3307 impurus
651 3233 865 3305 quamquem
890 3207 1099 3304 baptismate
1125 3208 1220 3282 lotus

319 3332 364 3404 Ut
390 3334 484 3405 cenis
509 3332 554 3404 sd
580 3331 754 3405 vomitum
780 3356 872 3426 susq.
899 3330 1026 3402 reversi
1052 3330 1181 3403 lutum.

265 3454 416 3550 Abjurss
441 3463 595 3527 satanam
620 3478 702 3525 cum
729 3452 879 3549 pompis,
905 3477 1009 3547 cunq.
1036 3461 1160 3548 perstu

314 3573 438 3672 Oumq.
466 3600 529 3647 suo
556 3574 701 3658 mundo,
714 3641 716 3644 .
729 3572 928 3669 nequitiisq.
957 3573 1038 3645 suis.

266 3697 326 3768 Nil
358 3705 420 3769 tuo
447 3705 528 3769 vote
554 3721 677 3769 curans
703 3695 856 3791 sequeris
881 3694 1115 3767 cucodemonu
1143 3694 1271 3769 Christi

237 3851 239 3856 ·
316 3818 476 3904 Hostem,
505 3818 697 3891 desciscens
723 3843 743 3888 e
768 3816 867 3889 ducis
892 3815 1049 3913 imperio

267 3938 365 4012 Haec
389 3940 527 4036 pietatis
551 3940 619 4013 iter
644 3948 782 4013 teneros
807 3937 962 4033 ingresso
986 3962 1051 4033 per
1073 3963 1182 4010 annos

315 4060 471 4134 Decurso
498 4061 611 4158 spatio
636 4060 793 4157 praemia
820 4059 927 4154 digna
952 4059 1047 4132 tulit.

267 4182 322 4254 Tu
347 4208 391 4255 ne
417 4183 568 4256 instante
594 4181 740 4278 quidem
766 4181 873 4266 senio,
899 4179 1039 4276 mortiq.
1065 4179 1285 4277 propinquus

265 4304 269 4309 ’
318 4304 487 4381 Inservire
512 4329 616 4406 peres
638 4301 850 4380 sustinessve
875 4300 952 4377 dee.
