3030 4898
619 253 728 345 CAPUT
755 291 918 345 naamon.

262 518 315 587 Ne
340 513 461 585 fallant
485 520 590 596 astus,
616 536 661 583 ne
686 510 842 583 lubricus
867 509 990 585 incitet
1014 519 1130 585 aestus

310 634 506 710 Blanditiae
536 634 687 718 flectant,
714 642 825 733 nupta
848 656 893 704 ne
919 632 1024 705 verba
1049 633 1190 710 trahant

261 757 392 852 Vanaq.
419 781 464 828 ne
489 764 644 829 teneram
669 754 789 828 titillet
814 753 925 851 gloria
948 764 1103 828 mentem

311 879 364 951 De
394 885 448 950 tot
472 875 650 949 nobilibus
675 885 763 972 quot
787 876 892 950 habet
917 875 978 947 illa
1002 875 1117 971 procis

193 1020 196 1025 ⁴
261 1000 349 1072 Ecce
374 997 596 1094 sequestratis
621 1006 656 1071 et
680 997 805 1093 spretis
830 997 995 1070 omnibus
1019 1022 1130 1069 unum

310 1119 445 1217 Deligit
469 1120 506 1192 in
531 1145 699 1216 sponsum
724 1129 759 1194 te
784 1119 851 1191 sibi
876 1119 1011 1191 Christe
1039 1143 1153 1204 suum,

260 1243 309 1314 'Pe
335 1239 517 1326 desiderat,
545 1250 639 1315 otte
665 1248 832 1337 expectat,
860 1248 927 1336 teq.
954 1239 1111 1336 requirit,

309 1363 359 1435 'Pe
384 1371 509 1458 sperat,
534 1361 700 1457 loquitur,
727 1368 887 1446 sommat,
908 1371 983 1456 atq.
1010 1360 1123 1434 refert.

263 1483 379 1572 Quem
405 1490 530 1578 captat,
558 1482 615 1553 cui
640 1481 754 1567 servit,
782 1507 887 1578 quem
910 1482 1041 1577 cogitat
1064 1507 1187 1566 unum,

313 1603 394 1692 Quo
421 1629 502 1674 eum
527 1628 563 1676 se
588 1604 661 1675 solo
687 1603 798 1699 pascit
823 1612 858 1678 ct
882 1602 1082 1698 alloquitur,

264 1724 415 1797 Lubrica
439 1724 583 1796 carnalis
608 1724 742 1798 fastidit
767 1725 896 1820 gaudia
919 1725 1024 1797 luxus

312 1846 344 1918 N
347 1870 385 1918 ec
410 1855 547 1942 praeter
571 1845 747 1918 Christum
773 1846 889 1942 querit
912 1845 1039 1918 habere
1065 1869 1211 1941 procum

263 1966 403 2039 Calcato
429 1966 569 2062 penitus
594 1966 685 2039 vitae
712 1967 867 2039 mortalis
891 1991 1009 2038 amore
1222 1963 1224 1967 ’

312 2087 397 2182 Spes
423 2113 443 2158 a
469 2087 605 2158 Christo
631 2112 703 2158 uno
729 2094 804 2159 tota
829 2085 998 2182 pependit
1023 2086 1065 2158 ei.

264 2206 393 2279 Dulces
419 2206 521 2279 docta
546 2206 669 2279 modos
695 2206 790 2278 dulci
815 2207 1064 2292 modulamine,
1092 2208 1245 2281 multum

310 2327 467 2400 Afflictos
493 2327 627 2398 animos
652 2317 784 2398 mulcet
808 2334 843 2400 et
868 2326 1043 2401 exhilarat.

263 2448 478 2544 Nocturnoq.
506 2456 613 2521 statos
637 2447 828 2521 meditatur
852 2456 1010 2544 tempore
1035 2449 1200 2544 psalmos,

311 2568 457 2641 Psalmis
484 2568 675 2643 succedunt
700 2594 829 2664 organa
854 2570 1037 2641 suavisona

262 2691 423 2762 Consona
448 2690 612 2763 coelestes
638 2690 813 2764 oblectant
840 2690 969 2786 organa
993 2701 1138 2777 mentes,

311 2810 371 2884 Est
395 2812 519 2907 procul
544 2837 565 2882 a
589 2812 686 2883 coelo
713 2837 819 2907 quem
844 2812 931 2884 nihil
955 2812 1022 2886 ista
1043 2812 1178 2908 juvant.

262 2933 398 3005 Musica
424 2933 544 3006 Pieriis
570 2942 734 3007 resonant
759 2942 795 3006 et
819 2933 951 3029 plectra
975 2933 1160 3018 camoenis,

310 3054 384 3127 Nec
409 3080 508 3127 mens
534 3055 729 3151 disparibus
755 3053 899 3127 dissidet
923 3054 1123 3126 harmoniis.

261 3175 367 3247 Suavi
394 3201 480 3247 sono
505 3176 626 3271 procul
653 3174 774 3263 audito
800 3174 1039 3248 modulamine
1064 3176 1246 3272 plaudens,

308 3295 443 3370 iratum
468 3297 599 3368 blando
624 3297 764 3392 mitigat
790 3322 848 3369 ore
875 3297 990 3369 Deum

261 3415 352 3488 Cum
378 3425 562 3512 penetrant
587 3441 686 3489 aures
710 3417 940 3490 concordibus
966 3442 1096 3513 organa
1120 3418 1239 3492 metris

310 3537 352 3608 ln
380 3562 523 3634 superos
550 3538 643 3610 dicas
668 3538 733 3612 isse
753 3545 782 3629 1)
807 3547 950 3634 repente
976 3539 1098 3610 choros

260 3656 358 3729 Inde.
386 3657 456 3731 cito
481 3683 580 3730 mens
601 3667 700 3754 rapta
724 3661 780 3732 sui
805 3659 1030 3744 obliviscitur,
1056 3658 1137 3732 inde

309 3777 406 3851 Vivit
432 3788 467 3853 et
492 3788 544 3852 est
567 3773 658 3852 vitae
683 3805 782 3852 mens
807 3780 897 3852 bene
923 3805 1030 3875 gnara
1056 3805 1148 3853 suae.

262 3897 392 3994 Surgit,
419 3909 455 3974 et
479 3901 630 3974 aetherei
655 3910 813 3997 spectant
839 3901 984 3974 orientia
1009 3900 1090 3972 solis

309 4020 479 4107 Lumina,
496 4047 578 4095 mox
604 4023 731 4118 grateis
756 4022 858 4096 solvit
882 4031 996 4119 agatq.
1024 4022 1100 4094 deo.

207 4276 229 4353 ¹)
249 4277 348 4338 Dicas:
370 4278 453 4341 ivisse
475 4280 504 4340 in
525 4281 642 4341 choros?
