3044 4904
283 304 330 378 48
716 323 1011 379 emorrannum,

382 539 429 612 Ni
453 565 532 612 mea
557 540 605 612 sic
630 548 742 612 castae
769 540 965 636 rapuissent
989 550 1131 637 pectora
1155 541 1316 614 flammae

428 659 479 734 Ut
503 661 576 732 face
603 661 767 732 succendi
791 660 925 733 nullius
948 660 1031 734 inde
1056 686 1182 757 queam
1306 718 1309 722 .

379 781 436 854 Sic
461 780 586 867 cultus,
614 781 663 852 sic
687 781 869 867 formosus,
896 783 945 853 sic
971 782 1086 878 deniq.
1114 783 1210 854 dives

428 900 511 973 Hr'rc
537 926 602 997 ego
628 927 698 998 qua
722 926 887 998 sponsum
915 903 1075 998 linquere
1100 904 1212 976 fronte
1237 905 1371 999 quam?

379 1022 454 1094 Nec
479 1023 561 1094 satis
586 1031 638 1096 est
662 1022 787 1096 vidisse
812 1023 929 1109 semel,
954 1024 1054 1118 juvat
1079 1049 1154 1119 usq.
1181 1025 1318 1111 morari,

428 1143 509 1233 Quo
535 1143 646 1239 magis
669 1144 810 1217 intueor
832 1144 899 1216 hoo
924 1145 1036 1238 magis
1062 1145 1249 1218 extimulor

379 1264 410 1334 O
437 1263 561 1338 dilecte
586 1263 673 1336 mihi
697 1273 760 1336 tua
784 1289 874 1350 sum,
901 1272 963 1336 tua
988 1265 1083 1338 dicar
1107 1274 1245 1362 oportet

428 1388 622 1457 Aeternum
646 1394 787 1458 aeterno
812 1386 1022 1481 perfruitura
1047 1387 1148 1459 thoro

379 1504 547 1601 Quisquis
572 1505 609 1578 in
634 1506 804 1602 anplexus
828 1507 894 1578 hoo
919 1515 1111 1603 spectatore
1137 1487 1320 1603 pudendos

426 1626 580 1712 irruerit,
607 1627 723 1722 gladio
748 1627 842 1699 hune
867 1627 1005 1700 vindice
1031 1628 1208 1701 confodiat

380 1746 549 1843 Quisquis
575 1756 611 1820 et
635 1748 783 1844 impuris
807 1748 969 1821 manibus
996 1748 1307 1847 comprehenderit,
1333 1748 1432 1821 idem

429 1868 598 1941 Diductas
623 1869 747 1942 referet
770 1870 932 1968 protinus
958 1869 1016 1942 ille
1042 1896 1169 1942 manus

380 1989 549 2086 Quisquis
573 1991 765 2086 virgineam
790 1991 934 2065 tentarit
958 1992 1090 2064 solvere
1117 2017 1239 2064 zonam

430 2111 612 2207 Dependet
637 2136 766 2207 poenas
790 2137 862 2183 non
888 2112 962 2185 sine
987 2121 1099 2185 morte
1125 2137 1255 2208 graves.

380 2232 549 2327 Quisquis
573 2241 609 2305 et
633 2233 699 2304 hoo
724 2233 843 2328 spurio
869 2232 999 2305 vitiarit
1024 2259 1149 2330 corpus
1175 2256 1290 2305 amore

428 2354 561 2428 Sentiet
583 2353 725 2427 ultrices
749 2355 900 2428 sentient
924 2354 983 2427 ille
1008 2380 1133 2427 manus

379 2474 521 2550 Incestu
545 2476 575 2548 si
601 2474 680 2572 quis
705 2476 870 2549 vestalem
894 2475 1021 2573 polluit
1047 2475 1131 2546 olim

427 2596 577 2669 Deditus
603 2605 656 2670 est
680 2620 791 2668 noxae
817 2595 1025 2692 flagitiumq.
1052 2594 1135 2668 tulit

380 2719 426 2791 Et
452 2717 638 2814 quisquam
663 2717 808 2812 posthac
835 2725 963 2788 castam
989 2716 1163 2812 Christoq.
1192 2716 1340 2787 dicatam

428 2838 604 2911 incestans
630 2838 754 2934 eapitis
779 2838 991 2934 supplicium
1018 2837 1181 2933 effugies:

380 2959 461 3030 Non
487 2960 566 3033 ideo
589 2960 721 3056 junctis
746 2959 810 3031 inii
836 2958 1010 3031 connubia
1035 2958 1164 3032 dextris
1209 2999 1214 3005 ·

291 3147 294 3151 .
428 3080 509 3170 Quo
534 3081 641 3154 semel
664 3081 812 3152 intereat
835 3080 927 3152 laesa
952 3078 1123 3175 pudicitia

379 3202 446 3274 Ast
469 3209 510 3274 ut
535 3211 648 3298 uterq.
675 3201 781 3273 fidem
807 3201 950 3273 tandem
975 3200 1207 3294 astringamur
1230 3199 1267 3271 in
1292 3208 1364 3270 uua

346 3380 348 3385 .
427 3320 600 3395 Fraternis
625 3322 750 3393 animis
777 3321 885 3393 simus
911 3329 946 3394 et
970 3319 1152 3392 unanimes

293 3462 295 3466 ·
381 3440 487 3530 Quod
512 3440 579 3515 tibi
602 3451 738 3514 sanctos
763 3442 876 3514 ausim
899 3441 1015 3537 jurare
1040 3440 1260 3536 hymenaeos,

427 3560 495 3633 Per
518 3586 590 3634 non
613 3561 777 3633 laedendi
801 3561 940 3634 foedera
965 3561 1129 3658 conjugii.

381 3682 441 3756 Me
466 3683 560 3755 calor
584 3683 739 3756 Aetneus
764 3682 874 3768 feriat,
900 3681 988 3754 mihi
1013 3682 1117 3778 plena
1141 3706 1274 3754 veneno

428 3802 597 3890 Occurrat
622 3826 762 3898 serpens
787 3801 815 3873 si
841 3801 907 3876 tibi
930 3802 1036 3874 verba
1061 3801 1195 3874 damus.

380 3923 537 3997 Devorer
560 3931 640 3995 ante
665 3946 788 4020 precor
813 3921 931 3995 subito
957 3921 1093 3994 telluris
1116 3921 1227 4006 hiatu,

278 4117 284 4133 ,
342 4122 345 4126 ,
401 4047 503 4121 ,Aut
526 4043 756 4121 rutilomissi
781 4043 938 4116 fulminis
961 4043 1042 4138 igne
1069 4065 1211 4126 cremer,

277 4233 284 4251 ,
339 4234 345 4247 ,
380 4166 498 4256 Quam
521 4166 609 4241 mihi
633 4165 781 4262 virginei
807 4164 1001 4260 disrumpat
1025 4164 1175 4235 claustra
1200 4160 1345 4257 pudoris
1444 4228 1448 4234 .

428 4287 502 4366 Aut
526 4295 687 4382 suscepta
712 4285 778 4359 deo
803 4291 889 4356 vota
909 4284 988 4380 quis
1014 4283 1191 4370 excutiat.
1309 4344 1313 4349 .
