3044 4904
203 276 250 350 10
641 297 750 351 orror
774 298 921 351 aaaron.

200 504 272 586 52⁰.
299 510 410 598 Idem,
436 511 494 585 cui
519 511 661 584 titrrlus:

370 659 424 733 De
449 657 669 756 quadnrplici
694 658 817 747 (truce,
842 658 1043 735 Jabmicum
1067 659 1259 736 timetrum.

201 881 274 955 53⁰.
299 877 408 955 Index
433 878 492 954 cui
515 877 659 954 titulus:

714 1021 845 1098 Errata.

345 1171 401 1263 (In
425 1170 509 1261 fine)
534 1167 736 1243 Excudebat
760 1168 886 1267 Leydis
910 1170 1034 1244 Petrus
1055 1170 1217 1246 Balenus.

246 1389 340 1464 Nota
358 1394 412 1463 1⁰:
439 1389 599 1487 Exceptis
622 1389 800 1486 opusculis
820 1389 949 1486 quibus
971 1389 1083 1464 tituli:
1110 1392 1303 1464 Bromium
1324 1395 1368 1467 de

205 1513 414 1609 Virpinitcte,
457 1520 593 1584 sanctae
634 1511 797 1584 Caeciliae
832 1513 973 1609 cirpiair
1008 1538 1050 1585 ac
1085 1514 1245 1608 martyris
1281 1514 1365 1600 vito,

197 1633 435 1707 Moaomaciic
467 1633 613 1706 aaaron
636 1640 671 1705 ef
700 1632 842 1718 Goliam,
869 1658 991 1705 necnon
1016 1634 1140 1705 scholia
1165 1635 1201 1706 in
1226 1634 1370 1706 Erasini

198 1780 329 1828 carmen
367 1755 543 1826 bucolicum
579 1761 713 1826 caetera
745 1753 862 1827 omnia
895 1779 1000 1849 quam
1033 1752 1237 1827 brevissima
1269 1764 1365 1829 sunt.

196 1875 264 1947 Vix
288 1899 397 1947 unam
421 1874 608 1948 alteramve
634 1873 796 1970 paginam
821 1874 980 1971 implent,
1006 1875 1079 1947 imo
1105 1899 1206 1972 saepe
1227 1875 1367 1972 saepius

197 1996 319 2070 docem
343 1996 398 2068 vel
422 1995 547 2090 viginti
572 1994 702 2090 regulis
726 2002 897 2068 constant.

245 2116 338 2191 Nota
360 2120 415 2189 2⁰:
441 2117 550 2190 Juxta
574 2115 736 2189 ultimam
766 2115 846 2187 libri
867 2115 1029 2211 paginam
1045 2115 1158 2212 posita
1178 2114 1368 2188 estAlardi

197 2237 243 2309 ad
262 2238 447 2311 fenestram
468 2235 620 2310 sedentis
641 2236 781 2331 effigies,
804 2261 822 2309 e
843 2237 931 2332 ligni
950 2237 1160 2333 impressura
1181 2235 1364 2333 producta.

196 2358 260 2431 Vir
292 2358 583 2455 praeclarissimus
616 2358 653 2430 in
686 2357 854 2431 fenestrae
886 2358 1006 2431 limine
1037 2359 1168 2430 librum
1200 2358 1366 2455 deposuit

197 2486 232 2555 et
265 2479 311 2551 ad
345 2478 419 2574 ejus
445 2478 619 2552 sinistram
650 2477 862 2575 conspicitur
886 2477 983 2550 calva
1008 2502 1070 2550 seu
1100 2486 1207 2575 caput
1230 2478 1369 2552 demor·
1405 2490 1411 2500 '

196 2599 261 2686 tui,
284 2599 330 2672 ad
351 2597 528 2673 dexteram
553 2608 672 2673 autem
697 2598 866 2671 vexillum
892 2597 1040 2672 civitatis
1065 2599 1369 2674 Amstelodamen-

195 2721 252 2794 sis.
283 2721 396 2817 Supra
424 2728 531 2817 caput
562 2720 649 2816 justi
683 2718 790 2815 hujus
816 2719 1030 2815 conspicitur
1054 2721 1192 2793 arculus
1216 2720 1367 2816 fulgens,

195 2842 326 2915 habens
360 2841 501 2938 signum
529 2840 643 2913 cordis
677 2840 715 2911 in
741 2839 863 2912 circuli
892 2847 1022 2926 centro,
1039 2849 1085 2937 et
1108 2840 1210 2914 hasce
1233 2841 1368 2916 litteras

196 2949 302 3050 „cor”
328 2962 366 3034 in
396 2962 509 3035 cordis
538 2967 666 3034 centro.
693 2959 751 3035 Ad
777 2961 898 3034 circrrli
923 2961 1238 3036 circumferentiam
1262 2986 1368 3059 quae·

196 3084 278 3157 dam
302 3083 408 3157 verba
433 3081 564 3155 Graece
588 3080 764 3176 leguntur.

245 3202 499 3301 superscriptio
525 3201 562 3273 in
586 3199 699 3301 capite
722 3202 869 3275 tabellae
892 3202 977 3275 haec
996 3212 1065 3277 est:
1088 3202 1183 3277 State
1204 3229 1280 3300 sup.
1294 3203 1369 3276 vias

195 3333 231 3399 et
255 3323 370 3397 videte
402 3330 438 3395 et
465 3323 676 3417 interrogate
708 3320 751 3395 de
783 3321 914 3394 semitis
945 3323 1108 3419 antiquis,
1129 3348 1220 3421 quae
1241 3324 1286 3397 sit
1309 3324 1368 3397 via

193 3448 297 3530 bona,
320 3452 355 3518 et
376 3443 554 3517 ambulate
575 3442 612 3515 in
634 3467 675 3515 aa
693 3448 727 3514 et
740 3441 924 3515 invenietis
937 3441 1153 3539 refrigerium
1167 3445 1232 3517 viis
1244 3445 1366 3518 vestris

194 3565 365 3641 Jeremias
389 3563 452 3637 VI.

243 3684 523 3783 Subscriptiones
548 3683 592 3756 ad
618 3683 749 3757 calcem
775 3684 922 3756 tabellae
948 3693 1047 3759 sunt:

193 3805 345 3881 Alardus
387 3803 707 3880 Aemstelredamus
755 3802 1033 3877 MCCCCOVIII
1069 3809 1259 3902 Παρασον
1296 3805 1367 3878 αλλ

193 3954 374 4014 ακουσον,
409 3926 447 4000 id
480 3933 541 4012 est,
576 3924 692 4010 caede,
732 3924 793 3998 sed
832 3925 925 3998 audi.
960 3925 1114 4021 Regium
1152 3932 1213 4010 est,
1251 3950 1366 4021 quum

193 4048 296 4122 facias
320 4049 421 4134 bene,
448 4045 568 4122 audire
594 4045 696 4120 mala.
