3044 4904
489 309 609 361 vunnu
633 307 845 361 noonnscux.
1175 286 1243 360 105

88 528 197 602 idillio
232 537 438 614 mutuatam,
473 528 510 600 id
544 528 637 624 quod
663 536 799 626 praeter
823 527 890 601 alia
914 552 961 600 no
986 551 1110 624 parum
1137 526 1248 605 multu

91 661 235 728 teotatm
258 653 315 726 vel
338 651 412 749 ipse
437 676 554 725 versus
577 650 806 726 intercalaris:

143 776 307 849 memet
338 775 432 860 oculi,
467 782 651 869 rapuerant
677 781 815 868 pectora
844 780 1008 872 flammae.
1044 771 1248 845 Theocritus

87 904 205 971 autem
238 896 287 970 sic
318 897 441 971 habet:
470 886 513 971 X
533 899 587 971 oie
613 895 711 985 ἴδου,
731 899 786 971 oie
810 896 967 988 ἐμάνην,
992 922 1046 968 oc
1065 920 1137 986 μεν
1160 895 1251 992 πέρί

89 1022 218 1114 dcccc
268 1046 339 1094 ena.
351 1053 359 1106 ;
401 1020 439 1094 id
475 1019 649 1117 Vergilius
683 1019 802 1117 ecloga
837 1029 958 1094 octava
990 1019 1040 1092 ita
1073 1018 1244 1093 reddidit:

88 1142 136 1218 Ut
161 1142 244 1229 vidi,
270 1151 311 1216 ut
335 1143 434 1240 perii,
459 1153 501 1218 ut
526 1168 583 1216 me
608 1142 722 1216 malua
746 1142 890 1216 abetidit
911 1166 1013 1215 error.
1033 1147 1063 1232 1)
1076 1141 1248 1214 Jamvero
1362 1189 1366 1198 -

88 1266 170 1364 quia
203 1291 342 1339 carmen
367 1266 433 1339 hoc
456 1264 655 1339 inscribitur
680 1267 789 1363 ἔρωσ,
814 1264 853 1338 id
878 1272 930 1338 eat
955 1290 1061 1348 amor,
1089 1288 1152 1361 par
1177 1273 1251 1339 erat

87 1389 190 1463 titulo
211 1387 419 1486 respondere
440 1412 586 1485 persona
609 1414 769 1486 quoque;
792 1389 990 1486 capellae
1012 1386 1105 1461 enim
1122 1385 1252 1460 dicitur

86 1519 181 1586 totus
207 1523 310 1597 amaa,
337 1510 408 1585 sive
434 1511 535 1584 cibus
551 1517 582 1603 ὓ)
608 1537 649 1585 cx
672 1535 783 1609 aequo
804 1513 945 1599 amicae,
967 1510 1062 1608 Virg.
1084 1499 1251 1608 inpalae·

86 1659 208 1707 mone:
251 1634 343 1706 malo
376 1659 432 1707 me
469 1634 634 1710 Galataea
666 1634 756 1731 petit
788 1636 914 1708 lasciva
947 1636 1064 1733 puella
1094 1642 1130 1707 et
1161 1631 1253 1729 firgit

87 1756 132 1828 ad
163 1755 281 1828 salices
315 1764 351 1829 et
385 1780 420 1828 ee
455 1756 554 1853 cupit
586 1756 785 1829 antevideri.
822 1757 1076 1855 §(Pamphilus
1104 1756 1249 1846 insano).

87 1879 191 1975 Verg.
232 1879 269 1951 in
306 1877 422 1951 Buco:
461 1877 540 1951 Nnc
574 1878 716 1951 insanus
750 1905 848 1952 amor
881 1879 961 1983 duri
985 1904 1043 1952 me
1067 1878 1190 1952 Martis
1214 1878 1251 1952 in

87 2000 192 2073 armis
246 2000 315 2074 tela
368 1989 551 2074 itermedia
588 2009 656 2098 atq.
696 2001 831 2077 detinet
862 2004 987 2076 hostes.
1027 2000 1252 2094 §(St1identi

89 2123 207 2214 tacita)
246 2122 374 2219 Vergil.
416 2124 536 2219 ecloga
571 2124 693 2198 tertia:
728 2124 807 2199 Non
841 2133 882 2198 tu
915 2124 952 2197 in
977 2123 1086 2200 triviis
1110 2123 1250 2201 indocte

88 2244 222 2318 solebas
280 2244 438 2319 stridenti
483 2245 648 2320 miserum
693 2247 821 2345 stipula
866 2246 1063 2344 disperdere
1113 2247 1252 2321 carme?

88 2366 205 2458 §wel
226 2368 351 2457 visito).
379 2368 546 2467 γαλατεα
571 2377 689 2466 potest
711 2370 927 2468 interpretari
952 2371 1061 2444 lactea
1087 2397 1163 2445 cao
1184 2380 1251 2447 τοῦ

86 2489 186 2588 γάλα
220 2489 316 2587 quod
349 2498 449 2564 sonat
481 2492 544 2577 lac,
580 2491 675 2587 quod
705 2502 863 2589 paratum
893 2503 946 2567 eet
974 2492 1135 2589 colligere
1156 2493 1252 2591 apud

86 2610 252 2685 Ovidium
275 2638 316 2686 ex
341 2613 506 2686 amatoria
527 2614 735 2711 Polyphemi
760 2615 929 2689 cantione,
956 2615 1144 2688 Candidior
1168 2616 1251 2689 folio

87 2731 181 2807 nivei
207 2733 350 2810 Galatae
379 2735 516 2833 ligustri
549 2745 612 2810 etc.
640 2744 694 2809 etc
697 2794 1250 2811 ..........

136 2985 153 3071 i
174 2980 351 3079 (lethydis
371 2981 515 3072 interea)
536 2980 573 3054 in
586 2981 773 3079 exemplari
785 3007 856 3054 non
869 2981 1083 3078 autographo
1097 2980 1251 3078 quidem,

85 3110 208 3201 utpote
241 3103 408 3178 hactenus
438 3103 542 3177 etiam
570 3129 656 3176 num
682 3104 886 3190 decideram,
913 3129 993 3177 cum
1019 3103 1095 3176 aliia
1119 3104 1253 3202 aliquot

86 3224 212 3321 eclogia
249 3225 309 3299 sed
346 3226 414 3299 alio
454 3226 553 3318 (mihi
586 3225 728 3299 fortasse
762 3226 857 3299 aliud
890 3225 1082 3323 quaerenti)
1114 3236 1251 3325 reperto

60 3343 180 3444 'apud
217 3348 417 3446 Reynerum
454 3348 611 3445 Snoijum
630 3354 660 3438 8)
698 3374 719 3421 a
754 3347 879 3422 Gauda
914 3349 1102 3436 medicum,
1140 3375 1280 3447 nuper-

87 3469 279 3543 admodum
314 3470 528 3556 defunctum,
559 3473 653 3568 apud
679 3497 784 3568 quem
809 3472 901 3546 inter
924 3471 1070 3569 puen'lia
1093 3481 1254 3569 poemata

87 3591 237 3689 amplius
269 3617 378 3665 annos
411 3592 639 3689 quadraginta
673 3593 821 3678 delituit,
852 3593 982 3690 alioqui
1006 3619 1078 3667 non
1103 3593 1251 3668 dubium

87 3713 173 3811 quin
203 3714 276 3811 jam
300 3714 394 3789 olim
428 3715 646 3811 recognitum
674 3715 719 3788 D.
746 3715 907 3789 llraamua
932 3715 1005 3812 ipse
1030 3715 1067 3787 in
1092 3725 1250 3814 apertum

131 3999 154 4074 ι)
175 4000 230 4056 Ζοο
251 4019 295 4057 ras
316 3997 346 4056 ik
367 4017 387 4057 u
407 4016 465 4073 aeg,
487 3997 565 4074 sloeg
586 3997 616 4055 ik
637 4017 690 4055 can
714 3999 735 4056 't
755 3998 876 4073 kwijnen
898 4018 932 4056 en
952 3997 1002 4058 liet
1024 3998 1071 4074 mij
1094 4017 1249 4058 vervoeren.

88 4104 147 4179 (Ita
170 4103 345 4178 Vendeliue.)

130 4207 154 4282 ¹)
175 4207 322 4267 Omnibus.
345 4199 347 4203 ’

133 4313 155 4387 ⁸)
177 4311 249 4372 Vide
269 4331 332 4390 pag.
356 4313 382 4382 5,
404 4313 445 4370 n⁰.
469 4314 506 4370 13
527 4311 612 4386 hujus
634 4310 707 4371 libri.
