3044 4904
542 303 670 361 nnana
703 304 915 361 neornsruu.
1256 281 1303 361 93

240 527 318 624 Ipse
344 526 468 600 subibo
493 526 657 614 humeris,
684 552 749 601 nee
773 553 829 602 me
854 528 953 601 labor
977 526 1042 602 iste
1067 527 1233 624 gravabit.

240 650 319 748 Ipse
343 675 425 747 ergo
451 659 485 726 ta
510 650 593 748 ripis
619 659 655 724 et
678 660 773 724 reato
798 650 943 723 flumine
968 650 1094 723 ducam

238 773 433 847 Adversum
458 773 563 846 remis
587 797 728 870 superes
754 773 939 849 subventus
962 780 1003 845 ut
1027 798 1176 859 amnem,

239 894 379 991 Ingenti
404 920 534 993 quercu
559 885 683 968 decisis
707 895 830 992 undiq.
856 895 971 982 ramis,
1092 898 1095 906 '

239 1017 405 1115 Correpta
429 1018 466 1090 in
490 1017 661 1103 manibus,
688 1016 827 1114 placido
852 1017 938 1089 dum
964 1016 1088 1092 defluit
1111 1028 1219 1105 aestu,

238 1139 433 1236 Trajieiam
460 1150 501 1214 ut
525 1141 637 1214 laetus
662 1149 753 1214 terra
777 1140 928 1238 speeiere
953 1141 1158 1238 propinqua.

237 1262 379 1336 Auxilio
405 1271 523 1337 tutum
548 1263 724 1337 dimittam
750 1263 908 1360 opibusq.
934 1263 1075 1359 juvab0,

237 1384 335 1459 Haec
360 1385 461 1473 fatus,
486 1387 575 1461 latos
599 1386 763 1460 humeros
787 1409 967 1482 magnosq.
994 1386 1140 1461 lacertos

237 1505 444 1594 Demittunt,
471 1508 671 1610 procumbit
695 1508 805 1595 humi,
831 1533 867 1582 se
892 1534 1018 1607 parvus
1041 1509 1143 1582 Jesus

237 1628 398 1728 Implieat
423 1640 458 1705 et
482 1629 644 1704 manibus
669 1631 836 1704 cervicem
863 1631 1052 1728 amplexus,
1067 1619 1213 1704 ¹inheret

237 1751 392 1825 Turbida
416 1778 498 1827 mox
523 1752 651 1851 placidi
676 1762 870 1827 straverunt
896 1778 1047 1850 aequora
1071 1753 1166 1826 venti

237 1874 351 1947 Prona
375 1875 484 1949 fertur
508 1900 608 1972 aqua,
635 1875 804 1972 vehiturq.
831 1876 994 1972 aquilone
1020 1875 1171 1948 seeundo

236 1995 305 2070 Sed
327 1996 400 2094 jam
425 2023 499 2095 age,
526 2022 627 2095 ou'pe
649 1997 741 2071 viam
763 2006 799 2071 et
811 2006 1013 2094 susceptum
1027 1998 1152 2095 perfiee
1166 2023 1305 2073 cursum
1364 2002 1366 2012 '

237 2118 346 2214 Perge
372 2119 478 2193 modo
504 2129 539 2193 et
564 2126 694 2216 quate
720 2119 818 2194 ducit
843 2119 898 2191 via
923 2118 1033 2216 dirige
1059 2145 1226 2216 gressum.

237 2240 340 2314 Nunc
365 2251 400 2315 et
425 2242 462 2315 in
488 2241 612 2339 apricis
636 2241 818 2315 distinctus
844 2242 957 2317 ludite
983 2242 1125 2339 eampis,

236 2364 311 2437 Aut
333 2364 494 2437 revehere
521 2363 607 2436 mihi
632 2363 660 2436 si
684 2362 751 2437 fert
774 2364 823 2462 ita
848 2365 951 2437 eorde
976 2365 1146 2462 voluptas.

235 2483 334 2559 Dixit
358 2496 394 2560 et
419 2511 460 2560 ex
486 2485 640 2560 humeris
664 2511 811 2583 parvum
836 2486 969 2559 dimisit
993 2487 1127 2561 Jeaum.

138 2841 367 2905 TOESPRAAK
394 2843 476 2903 VAN
505 2842 1081 2912 sr.·0HrsTOPH01tus‚T0aNH1J
1102 2844 1181 2902 HET
1204 2843 1329 2928 KIND·

307 2949 418 3006 JESUS
438 2948 544 3008 DOOR
563 2949 645 3006 Dant
667 2948 826 3008 STROOM
847 2947 1126 3006 HENENDROEG.

187 3098 259 3196 Zeg
292 3099 364 3196 mij,
394 3099 552 3174 dierbaar
571 3098 668 3186 kind,
694 3107 762 3172 wat
786 3100 912 3196 brengt
937 3125 976 3173 er
999 3126 1025 3172 u
1051 3107 1119 3186 toe,
1146 3099 1221 3173 hier
1245 3125 1304 3173 on·

138 3221 296 3296 bekende
329 3247 449 3319 wegen
483 3232 518 3296 te
551 3222 743 3297 betredenP
775 3223 846 3319 Zeg
886 3223 946 3296 het
975 3222 1048 3319 mij,
1086 3233 1182 3298 want
1214 3248 1306 3296 wear

138 3342 184 3441 gij
220 3345 289 3418 ook
322 3344 526 3442 henengaat,
561 3346 612 3417 ael
644 3345 680 3417 ik
713 3371 739 3417 u
763 3345 963 3419 liefhebben
990 3370 1033 3419 en
1059 3345 1196 3443 helpen.
1227 3345 1304 3419 Wie

139 3465 199 3563 aijt
231 3467 277 3565 gij
309 3492 351 3540 en
377 3492 445 3540 ven
469 3493 561 3540 wear
584 3468 685 3540 komt
710 3467 769 3565 gij,
795 3493 886 3540 waar
911 3466 941 3540 is
965 3493 1023 3540 uw
1047 3467 1236 3543 vaderland
1261 3492 1304 3543 en
1390 3485 1393 3490 '

138 3599 208 3666 wat
232 3590 334 3664 aoekt
353 3589 399 3688 gij
422 3597 456 3664 te
477 3589 652 3676 hereiken,
679 3589 718 3662 of
737 3615 887 3663 waarom
912 3590 998 3666 toeft
1023 3591 1069 3687 gij
1095 3590 1171 3664 hier
1196 3591 1305 3664 onder

139 3737 204 3790 een
236 3712 377 3787 vreemd
409 3712 516 3785 volkP
550 3711 649 3785 Maar
681 3712 808 3798 vooral,
843 3712 933 3785 welk
966 3712 1018 3787 lot
1048 3713 1143 3787 heeft
1174 3739 1199 3785 u
1225 3719 1303 3804 (aan

139 3834 193 3910 dit
228 3836 317 3927 wed)
355 3835 436 3909 aulk
474 3859 583 3908 eenen
621 3844 728 3908 storm
765 3833 969 3908 tuebereidP
1001 3811 1051 3907 Of
1078 3835 1189 3908 welke
1223 3836 1303 3910 God

138 3957 228 4033 deed
260 3984 296 4044 u,
331 3957 387 4031 die
421 3957 544 4055 geheel
568 3956 749 4054 hulpeloos
774 3981 818 4029 en
844 3955 1029 4029 onbekend
1053 3957 1121 4054 aijt,
1149 3982 1194 4054 op
1220 3955 1302 4031 deae

139 4105 258 4157 nevers
277 4081 433 4154 komen?
458 4079 519 4155 zie
540 4079 683 4153 sleehts:
711 4079 777 4152 hoe
804 4079 847 4152 de
871 4079 1046 4152 wamende
1071 4105 1205 4153 neearm
1230 4089 1303 4154 met

139 4202 217 4278 elke
249 4202 493 4300 goliwisseling
525 4200 789 4287 voomitsehiet3
824 4226 874 4273 nu
908 4225 989 4274 eens
1014 4202 1083 4276 rolt
1106 4202 1166 4275 het
1191 4201 1301 4299 sehui·

139 4326 265 4401 urende
277 4336 383 4400 water
403 4351 486 4399 naar
506 4325 549 4398 de
562 4324 663 4409 aarde
678 4349 720 4396 en
733 4324 794 4396 het
812 4331 922 4420 werpt
942 4322 984 4396 de
1003 4323 1302 4425 uiteenspattende
