3030 4898
169 254 215 334 50
601 276 709 336 orror
736 236 898 337 dnnrrun.

263 499 317 572 Tu
342 501 408 574 tibi
432 499 623 596 prospicite
648 500 794 573 viridem
821 527 865 574 ne
891 501 997 596 perde
1020 502 1205 598 juventam

310 623 392 694 Non
417 621 562 718 impune
590 622 676 695 feres
702 622 731 694 si
757 622 884 695 violare
910 625 1016 696 noles.
1040 631 1069 715 1)

263 744 467 834 Quamlibet
492 769 658 816 arcanum
688 744 766 818 ferit
792 746 993 842 quodcunq.
1022 747 1180 843 patueris

309 865 418 939 Haud
442 866 554 939 nescis
579 864 668 938 illud
693 891 792 963 posse
817 868 924 941 latere
951 868 1023 940 diu.

261 987 367 1077 Quod
393 988 422 1059 si
448 997 488 1061 tu
514 998 608 1062 uasto
635 1013 774 1060 mecum
801 989 940 1061 socieris
966 1016 1083 1063 amore

306 1110 358 1181 Ex
385 1135 497 1206 aequo
524 1110 627 1183 faciet
652 1136 742 1206 quae
768 1110 834 1184 tibi
860 1121 987 1185 cuncta
1013 1112 1110 1184 mihi.

257 1232 350 1305 Ante
377 1241 599 1329 expectatum
625 1231 746 1318 aderit,
774 1233 920 1329 multaq.
949 1233 1141 1306 videndum

306 1354 349 1427 Se
375 1353 441 1428 tibi
464 1355 544 1427 luce
570 1352 668 1427 dabit
689 1355 842 1450 plurime
868 1354 961 1426 dona
986 1355 1109 1428 ferens.

257 1476 355 1549 Haeo
380 1476 442 1548 ubi
468 1476 561 1549 diota
587 1475 685 1549 dedit
710 1474 853 1572 rupidus
879 1476 1053 1551 deferbuit
1078 1484 1203 1549 aestus.

309 1597 381 1687 Qui
406 1599 500 1670 calor
526 1598 681 1671 Aetneae
708 1623 778 1669 non
805 1599 921 1670 minor
944 1598 1026 1694 igne
1052 1599 1128 1672 fuit.

258 1719 482 1817 Colloquiisq.
510 1720 576 1817 piis
601 1718 745 1817 rapidus
769 1720 1016 1816 restinguitur
1041 1721 1142 1817 ignis,

304 1842 461 1915 Flamma
486 1867 606 1915 recens
630 1842 744 1915 multa
770 1868 888 1938 sparsa
912 1844 1043 1917 resedit
1068 1869 1169 1940 aquo,

254 1964 297 2037 In
324 1965 454 2037 somnis
478 1991 548 2036 nox
573 1965 633 2037 illa
658 1965 725 2061 piis
751 1976 804 2039 est
829 1975 981 2039 extructa
1004 1965 1164 2061 loquelis,

303 2085 400 2175 Quas
424 2086 548 2159 habuit
572 2087 732 2159 tenebras
757 2086 836 2158 luoe
862 2096 1039 2182 sequente,
1066 2086 1171 2160 videt.

256 2208 419 2281 Consulit
443 2207 627 2280 Urbanum
653 2208 782 2305 cryptis
808 2209 1015 2305 specubusq.
1042 2210 1211 2282 latentem

301 2328 469 2425 Vestiget,
498 2356 594 2402 sacro
621 2356 691 2426 quo
717 2329 811 2404 lavet
836 2356 941 2403 omne
967 2341 1082 2426 caput.

256 2450 337 2540 Quo
363 2451 474 2525 tinoto
501 2452 608 2524 dixit:
635 2451 722 2524 deus
747 2450 890 2548 Optime
915 2452 1069 2535 Maxime
1095 2479 1194 2526 sume

302 2572 401 2662 Quos
427 2599 573 2671 operose
597 2574 692 2646 favos
718 2573 778 2647 dat
802 2573 867 2645 tibi
892 2573 1041 2646 Caecilia

258 2694 355 2784 Ques
382 2694 448 2768 tibi
473 2695 626 2767 Romani
652 2677 767 2767 vernis
793 2695 837 2767 de
863 2695 1009 2767 floribus
1034 2695 1128 2770 horti

302 2818 445 2914 Corptes
471 2818 585 2891 mellis
611 2843 695 2913 opes
720 2817 838 2891 Attiou
863 2817 965 2914 ponit
991 2818 1066 2914 epis

187 3031 189 3034 Ι
250 2939 299 3013 Ut
323 2941 417 3013 bona
442 2941 616 3014 fertilibus
642 2938 819 3012 commisit
844 2938 979 3011 semina
1006 2939 1111 3011 sulcis

299 3061 357 3134 Sio
383 3071 419 3135 et
442 3061 594 3135 laetitiae
620 3060 736 3133 dulcia
761 3085 869 3156 grana
894 3060 997 3134 metit

252 3183 346 3255 Hinc
372 3184 470 3257 velut
495 3184 648 3255 abstersa
674 3183 827 3254 candens
851 3182 1014 3277 rubigine
1041 3182 1184 3267 ferrum,

299 3304 412 3378 Elutis
438 3329 535 3376 sacro
562 3303 723 3377 sordibus
749 3330 851 3377 amne
876 3303 977 3376 redit.

251 3425 334 3523 th.
361 3436 591 3524 repurgatum
616 3426 738 3500 rutilat
762 3425 961 3498 fornacibus
987 3451 1122 3510 aurum,

301 3549 408 3639 Quod
433 3547 579 3620 scoriam
605 3547 728 3643 rapido
753 3547 859 3644 liquit
883 3546 920 3618 in
947 3547 1028 3642 igne
1055 3547 1180 3618 rudem

254 3670 303 3742 Ut
326 3671 449 3768 positis
474 3670 574 3743 novis
601 3669 734 3741 exuviis
758 3668 849 3742 nitet
873 3658 985 3765 usque
1009 3669 1164 3765 juventa.

299 3793 485 3890 Quotquot
510 3801 609 3865 erent
633 3792 725 3864 ultro
752 3816 834 3862 mox
860 3801 1005 3886 patuere
1032 3790 1130 3862 fores.

250 3915 368 4005 Quem
395 3915 500 3988 simul
526 3939 565 3987 uo
591 3913 719 3986 Christi
744 3912 944 4008 perculsum
970 3911 1076 3984 sensit
1101 3936 1229 3996 amore,

298 4036 383 4110 Mox
409 4046 503 4111 uasto
530 4045 665 4109 uastum
689 4033 808 4107 busiet
825 4039 855 4124 2)
882 4059 942 4106 ore
968 4033 1092 4105 virum.

194 4199 216 4274 ¹)
237 4199 267 4258 Si
289 4199 376 4267 noleS,
399 4217 454 4254 non
475 4196 590 4273 impune
607 4167 685 4254 'feres
705 4213 739 4253 ro
762 4194 872 4254 violare.

193 4303 217 4381 ²)
240 4302 336 4362 Burrit
357 4305 399 4378 (Ρ)
