<?xml version="1.0" encoding="UTF-8"?>
<!DOCTYPE html PUBLIC "-//W3C//DTD XHTML 1.0 Transitional//EN"
    "http://www.w3.org/TR/xhtml1/DTD/xhtml1-transitional.dtd">
<html xmlns="http://www.w3.org/1999/xhtml" xml:lang="en" lang="en">
 <head>
  <title>
</title>
<meta http-equiv="Content-Type" content="text/html;charset=utf-8" />
  <meta name='ocr-system' content='tesseract 3.04.00' />
  <meta name='ocr-capabilities' content='ocr_page ocr_carea ocr_par ocr_line ocrx_word'/>
</head>
<body>
  <div class='ocr_page' id='page_1' title='image "./nonnullaalardia00botsgoog/nonnullaalardia00botsgoog_0100.png"; bbox 0 0 3044 4904; ppageno 0'>
   <div class='ocr_carea' id='block_1_1' title="bbox 516 271 1280 346">
    <p class='ocr_par' dir='ltr' id='par_1_1' title="bbox 516 271 1280 346">
     <span class='ocr_line' id='line_1_1' title="bbox 516 271 1280 346; baseline 0.004 -3"><span class='ocrx_word' id='word_1_1' title='bbox 516 292 637 344; x_wconf 80' lang='lat' dir='ltr'><strong>vrunn</strong></span> <span class='ocrx_word' id='word_1_2' title='bbox 668 289 879 343; x_wconf 83' lang='lat' dir='ltr'><strong>noonnsrurr.</strong></span> <span class='ocrx_word' id='word_1_3' title='bbox 1211 271 1280 346; x_wconf 91' lang='grc'><strong>101</strong></span> 
     </span>
    </p>
   </div>
   <div class='ocr_carea' id='block_1_2' title="bbox 142 507 1292 4154">
    <p class='ocr_par' dir='ltr' id='par_1_2' title="bbox 263 507 1229 972">
     <span class='ocr_line' id='line_1_2' title="bbox 264 507 1178 608; baseline -0.002 -23"><span class='ocrx_word' id='word_1_4' title='bbox 264 509 445 608; x_wconf 84' lang='lat' dir='ltr'><strong>Pamphile</strong></span> <span class='ocrx_word' id='word_1_5' title='bbox 470 508 556 606; x_wconf 91' lang='lat' dir='ltr'><strong>quid</strong></span> <span class='ocrx_word' id='word_1_6' title='bbox 581 508 689 583; x_wconf 89' lang='lat' dir='ltr'><strong>sterili</strong></span> <span class='ocrx_word' id='word_1_7' title='bbox 711 507 812 604; x_wconf 84' lang='lat' dir='ltr'><strong>juvat</strong></span> <span class='ocrx_word' id='word_1_8' title='bbox 836 508 1017 606; x_wconf 83' lang='lat' dir='ltr'><strong>indulgere</strong></span> <span class='ocrx_word' id='word_1_9' title='bbox 1041 508 1178 583; x_wconf 79' lang='lat' dir='ltr'><strong>labori?</strong></span> 
     </span>
     <span class='ocr_line' id='line_1_3' title="bbox 263 631 1107 720; baseline -0.004 -14"><span class='ocrx_word' id='word_1_10' title='bbox 263 633 404 720; x_wconf 82' lang='lat' dir='ltr'>Desine,</span> <span class='ocrx_word' id='word_1_11' title='bbox 430 657 503 705; x_wconf 94' lang='lat' dir='ltr'><strong>non</strong></span> <span class='ocrx_word' id='word_1_12' title='bbox 527 639 625 705; x_wconf 84' lang='lat' dir='ltr'><strong>tanto</strong></span> <span class='ocrx_word' id='word_1_13' title='bbox 651 641 797 706; x_wconf 76' lang='lat' dir='ltr'><strong>certasse</strong></span> <span class='ocrx_word' id='word_1_14' title='bbox 821 631 940 705; x_wconf 85' lang='lat' dir='ltr'><strong>licebit</strong></span> <span class='ocrx_word' id='word_1_15' title='bbox 966 632 1107 718; x_wconf 87' lang='lat' dir='ltr'><strong>amanti,</strong></span> 
     </span>
     <span class='ocr_line' id='line_1_4' title="bbox 263 753 1229 853; baseline -0.001 -25"><span class='ocrx_word' id='word_1_16' title='bbox 263 755 309 845; x_wconf 80' lang='lat' dir='ltr'><strong>Et</strong></span> <span class='ocrx_word' id='word_1_17' title='bbox 333 763 479 830; x_wconf 78' lang='lat' dir='ltr'><strong>certasse</strong></span> <span class='ocrx_word' id='word_1_18' title='bbox 504 760 631 840; x_wconf 87' lang='lat' dir='ltr'><strong>tamen,</strong></span> <span class='ocrx_word' id='word_1_19' title='bbox 658 753 745 850; x_wconf 92' lang='lat' dir='ltr'><strong>quid</strong></span> <span class='ocrx_word' id='word_1_20' title='bbox 769 763 846 828; x_wconf 90' lang='lat' dir='ltr'><strong>tum</strong></span> <span class='ocrx_word' id='word_1_21' title='bbox 873 754 902 826; x_wconf 90' lang='lat' dir='ltr'><strong>si</strong></span> <span class='ocrx_word' id='word_1_22' title='bbox 927 754 1055 828; x_wconf 89' lang='lat' dir='ltr'><strong>vertice</strong></span> <span class='ocrx_word' id='word_1_23' title='bbox 1080 754 1229 853; x_wconf 88' lang='lat' dir='ltr'><strong>Cyclops</strong></span> 
     </span>
     <span class='ocr_line' id='line_1_5' title="bbox 264 875 1034 972; baseline -0.004 -20"><span class='ocrx_word' id='word_1_24' title='bbox 264 878 384 952; x_wconf 87' lang='lat' dir='ltr'><strong>Sidera</strong></span> <span class='ocrx_word' id='word_1_25' title='bbox 408 876 551 949; x_wconf 79' lang='lat' dir='ltr'><strong>sublimi</strong></span> <span class='ocrx_word' id='word_1_26' title='bbox 577 875 687 962; x_wconf 80' lang='lat' dir='ltr'><strong>feriat,</strong></span> <span class='ocrx_word' id='word_1_27' title='bbox 712 876 795 951; x_wconf 89' lang='lat' dir='ltr'><strong>licet</strong></span> <span class='ocrx_word' id='word_1_28' title='bbox 817 875 936 949; x_wconf 87' lang='lat' dir='ltr'><strong>audiat</strong></span> <span class='ocrx_word' id='word_1_29' title='bbox 960 875 1034 972; x_wconf 91' lang='lat' dir='ltr'><strong>ipse</strong></span> 
     </span>
    </p>

    <p class='ocr_par' dir='ltr' id='par_1_3' title="bbox 142 997 1289 3542">
     <span class='ocr_line' id='line_1_6' title="bbox 142 997 1151 1095; baseline -0.002 -23"><span class='ocrx_word' id='word_1_30' title='bbox 142 1042 145 1047; x_wconf 58' lang='lat'><em>&lt;</em></span> <span class='ocrx_word' id='word_1_31' title='bbox 264 999 539 1095; x_wconf 78' lang='lat' dir='ltr'><strong>Quantascunq;</strong></span> <span class='ocrx_word' id='word_1_32' title='bbox 566 997 706 1071; x_wconf 93' lang='lat' dir='ltr'><strong>necilli</strong></span> <span class='ocrx_word' id='word_1_33' title='bbox 732 1022 863 1071; x_wconf 84' lang='lat' dir='ltr'><strong>cessero</strong></span> <span class='ocrx_word' id='word_1_34' title='bbox 889 998 1053 1085; x_wconf 86' lang='lat' dir='ltr'><strong>carmine,</strong></span> <span class='ocrx_word' id='word_1_35' title='bbox 1079 999 1151 1071; x_wconf 88' lang='lat' dir='ltr'><strong>sola</strong></span> 
     </span>
     <span class='ocr_line' id='line_1_7' title="bbox 262 1120 1070 1216; baseline 0.001 -23"><span class='ocrx_word' id='word_1_36' title='bbox 262 1123 357 1195; x_wconf 87' lang='lat' dir='ltr'><strong>Voce</strong></span> <span class='ocrx_word' id='word_1_37' title='bbox 381 1120 475 1206; x_wconf 89' lang='lat' dir='ltr'><strong>velit,</strong></span> <span class='ocrx_word' id='word_1_38' title='bbox 502 1120 586 1192; x_wconf 90' lang='lat' dir='ltr'><strong>velit</strong></span> <span class='ocrx_word' id='word_1_39' title='bbox 611 1129 734 1216; x_wconf 83' lang='lat' dir='ltr'><strong>arguta</strong></span> <span class='ocrx_word' id='word_1_40' title='bbox 759 1120 923 1193; x_wconf 89' lang='lat' dir='ltr'><strong>cecinisse</strong></span> <span class='ocrx_word' id='word_1_41' title='bbox 947 1121 1070 1196; x_wconf 89' lang='lat' dir='ltr'><strong>cicuta.</strong></span> 
     </span>
     <span class='ocr_line' id='line_1_8' title="bbox 264 1241 1192 1340; baseline -0.001 -23"><span class='ocrx_word' id='word_1_42' title='bbox 264 1244 373 1317; x_wconf 93' lang='lat' dir='ltr'><strong>Molle</strong></span> <span class='ocrx_word' id='word_1_43' title='bbox 398 1266 505 1340; x_wconf 90' lang='lat' dir='ltr'><strong>pecus</strong></span> <span class='ocrx_word' id='word_1_44' title='bbox 528 1241 621 1314; x_wconf 93' lang='lat' dir='ltr'><strong>nivei</strong></span> <span class='ocrx_word' id='word_1_45' title='bbox 647 1251 730 1316; x_wconf 91' lang='lat' dir='ltr'><strong>sunt</strong></span> <span class='ocrx_word' id='word_1_46' title='bbox 755 1250 790 1315; x_wconf 90' lang='lat' dir='ltr'><strong>et</strong></span> <span class='ocrx_word' id='word_1_47' title='bbox 814 1242 902 1315; x_wconf 91' lang='lat' dir='ltr'><strong>mihi</strong></span> <span class='ocrx_word' id='word_1_48' title='bbox 926 1242 1075 1315; x_wconf 89' lang='lat' dir='ltr'><strong>vallibus</strong></span> <span class='ocrx_word' id='word_1_49' title='bbox 1101 1243 1192 1339; x_wconf 86' lang='lat' dir='ltr'><strong>agni.</strong></span> 
     </span>
     <span class='ocr_line' id='line_1_9' title="bbox 263 1364 1227 1465; baseline -0.003 -25"><span class='ocrx_word' id='word_1_50' title='bbox 263 1367 415 1465; x_wconf 85' lang='lat' dir='ltr'><strong>Corpore</strong></span> <span class='ocrx_word' id='word_1_51' title='bbox 440 1364 616 1450; x_wconf 87' lang='lat' dir='ltr'><strong>Dametas,</strong></span> <span class='ocrx_word' id='word_1_52' title='bbox 643 1364 744 1437; x_wconf 93' lang='lat' dir='ltr'><strong>vultu</strong></span> <span class='ocrx_word' id='word_1_53' title='bbox 769 1364 856 1436; x_wconf 93' lang='lat' dir='ltr'><strong>mihi</strong></span> <span class='ocrx_word' id='word_1_54' title='bbox 882 1364 975 1439; x_wconf 89' lang='lat' dir='ltr'><strong>cedit</strong></span> <span class='ocrx_word' id='word_1_55' title='bbox 998 1366 1177 1463; x_wconf 88' lang='lat' dir='ltr'><strong>Amyntas.</strong></span> <span class='ocrx_word' id='word_1_56' title='bbox 1198 1372 1227 1456; x_wconf 81' lang='grc'><strong>1)</strong></span> 
     </span>
     <span class='ocr_line' id='line_1_10' title="bbox 263 1486 1158 1584; baseline -0.002 -22"><span class='ocrx_word' id='word_1_57' title='bbox 263 1488 344 1562; x_wconf 95' lang='lat' dir='ltr'><strong>Non</strong></span> <span class='ocrx_word' id='word_1_58' title='bbox 369 1487 455 1561; x_wconf 92' lang='lat' dir='ltr'><strong>mihi</strong></span> <span class='ocrx_word' id='word_1_59' title='bbox 480 1486 625 1562; x_wconf 79' lang='lat' dir='ltr'><strong>terminis</strong></span> <span class='ocrx_word' id='word_1_60' title='bbox 650 1486 764 1559; x_wconf 87' lang='lat' dir='ltr'><strong>cervix</strong></span> <span class='ocrx_word' id='word_1_61' title='bbox 789 1486 879 1583; x_wconf 86' lang='lat' dir='ltr'><strong>riget</strong></span> <span class='ocrx_word' id='word_1_62' title='bbox 904 1486 1043 1559; x_wconf 86' lang='lat' dir='ltr'><strong>horrida</strong></span> <span class='ocrx_word' id='word_1_63' title='bbox 1067 1487 1158 1584; x_wconf 90' lang='lat' dir='ltr'><strong>pilis,</strong></span> 
     </span>
     <span class='ocr_line' id='line_1_11' title="bbox 263 1608 1104 1696; baseline -0.004 -11"><span class='ocrx_word' id='word_1_64' title='bbox 263 1611 408 1685; x_wconf 87' lang='lat' dir='ltr'><strong>Pectora</strong></span> <span class='ocrx_word' id='word_1_65' title='bbox 433 1617 515 1682; x_wconf 90' lang='lat' dir='ltr'><strong>sunt</strong></span> <span class='ocrx_word' id='word_1_66' title='bbox 538 1608 640 1681; x_wconf 91' lang='lat' dir='ltr'><strong>nobis</strong></span> <span class='ocrx_word' id='word_1_67' title='bbox 666 1609 861 1696; x_wconf 89' lang='lat' dir='ltr'><strong>candentia,</strong></span> <span class='ocrx_word' id='word_1_68' title='bbox 887 1608 979 1683; x_wconf 89' lang='lat' dir='ltr'><strong>lenia</strong></span> <span class='ocrx_word' id='word_1_69' title='bbox 1002 1609 1104 1682; x_wconf 91' lang='lat' dir='ltr'><strong>nohis</strong></span> 
     </span>
     <span class='ocr_line' id='line_1_12' title="bbox 262 1731 1238 1829; baseline -0.004 -20"><span class='ocrx_word' id='word_1_70' title='bbox 262 1733 343 1818; x_wconf 87' lang='lat' dir='ltr'><strong>Ora,</strong></span> <span class='ocrx_word' id='word_1_71' title='bbox 371 1731 456 1829; x_wconf 89' lang='lat' dir='ltr'><strong>quid</strong></span> <span class='ocrx_word' id='word_1_72' title='bbox 482 1731 671 1829; x_wconf 86' lang='lat' dir='ltr'><strong>amplexus,</strong></span> <span class='ocrx_word' id='word_1_73' title='bbox 699 1732 784 1828; x_wconf 92' lang='lat' dir='ltr'><strong>quid</strong></span> <span class='ocrx_word' id='word_1_74' title='bbox 809 1739 903 1805; x_wconf 91' lang='lat' dir='ltr'><strong>amat</strong></span> <span class='ocrx_word' id='word_1_75' title='bbox 926 1731 1048 1805; x_wconf 88' lang='lat' dir='ltr'><strong>insana</strong></span> <span class='ocrx_word' id='word_1_76' title='bbox 1072 1731 1238 1805; x_wconf 81' lang='lat' dir='ltr'><strong>caninos?</strong></span> 
     </span>
     <span class='ocr_line' id='line_1_13' title="bbox 264 1853 1175 1952; baseline -0.003 -22"><span class='ocrx_word' id='word_1_77' title='bbox 264 1854 444 1952; x_wconf 89' lang='lat' dir='ltr'><strong>Pamphile</strong></span> <span class='ocrx_word' id='word_1_78' title='bbox 470 1854 569 1927; x_wconf 91' lang='lat' dir='ltr'><strong>littus</strong></span> <span class='ocrx_word' id='word_1_79' title='bbox 595 1878 680 1938; x_wconf 89' lang='lat' dir='ltr'><strong>aras,</strong></span> <span class='ocrx_word' id='word_1_80' title='bbox 706 1853 905 1927; x_wconf 83' lang='lat' dir='ltr'><strong>crudelibus</strong></span> <span class='ocrx_word' id='word_1_81' title='bbox 930 1878 1050 1951; x_wconf 87' lang='lat' dir='ltr'><strong>aspera</strong></span> <span class='ocrx_word' id='word_1_82' title='bbox 1074 1879 1175 1927; x_wconf 89' lang='lat' dir='ltr'><strong>cerne</strong></span> 
     </span>
     <span class='ocr_line' id='line_1_14' title="bbox 264 1975 1094 2073; baseline -0.005 -21"><span class='ocrx_word' id='word_1_83' title='bbox 264 1977 420 2052; x_wconf 85' lang='lat' dir='ltr'><strong>Auribus</strong></span> <span class='ocrx_word' id='word_1_84' title='bbox 445 1975 570 2049; x_wconf 89' lang='lat' dir='ltr'><strong>effusas</strong></span> <span class='ocrx_word' id='word_1_85' title='bbox 595 1976 723 2072; x_wconf 85' lang='lat' dir='ltr'><strong>refugit</strong></span> <span class='ocrx_word' id='word_1_86' title='bbox 747 1975 913 2050; x_wconf 85' lang='lat' dir='ltr'><strong>Galataea</strong></span> <span class='ocrx_word' id='word_1_87' title='bbox 937 1977 1094 2073; x_wconf 88' lang='lat' dir='ltr'><strong>querelas</strong></span> 
     </span>
     <span class='ocr_line' id='line_1_15' title="bbox 264 2098 1286 2196; baseline -0.001 -24"><span class='ocrx_word' id='word_1_88' title='bbox 264 2099 362 2191; x_wconf 82' lang='lat' dir='ltr'><strong>Quid</strong></span> <span class='ocrx_word' id='word_1_89' title='bbox 387 2123 512 2196; x_wconf 88' lang='lat' dir='ltr'><strong>speras,</strong></span> <span class='ocrx_word' id='word_1_90' title='bbox 541 2099 603 2172; x_wconf 86' lang='lat' dir='ltr'><strong>sed</strong></span> <span class='ocrx_word' id='word_1_91' title='bbox 628 2109 664 2173; x_wconf 94' lang='lat' dir='ltr'><strong>et</strong></span> <span class='ocrx_word' id='word_1_92' title='bbox 690 2106 763 2171; x_wconf 88' lang='lat' dir='ltr'><strong>estc</strong></span> <span class='ocrx_word' id='word_1_93' title='bbox 788 2099 883 2184; x_wconf 91' lang='lat' dir='ltr'><strong>velit,</strong></span> <span class='ocrx_word' id='word_1_94' title='bbox 909 2106 1003 2173; x_wconf 88' lang='lat' dir='ltr'><strong>vetat</strong></span> <span class='ocrx_word' id='word_1_95' title='bbox 1026 2098 1084 2171; x_wconf 93' lang='lat' dir='ltr'><strong>ille</strong></span> <span class='ocrx_word' id='word_1_96' title='bbox 1108 2098 1286 2172; x_wconf 90' lang='lat' dir='ltr'><strong>nolentem</strong></span> 
     </span>
     <span class='ocr_line' id='line_1_16' title="bbox 266 2222 1232 2319; baseline 0 -24"><span class='ocrx_word' id='word_1_97' title='bbox 266 2222 364 2314; x_wconf 82' lang='lat' dir='ltr'><strong>Quid</strong></span> <span class='ocrx_word' id='word_1_98' title='bbox 387 2246 521 2294; x_wconf 90' lang='lat' dir='ltr'><strong>morere</strong></span> <span class='ocrx_word' id='word_1_99' title='bbox 546 2229 582 2294; x_wconf 94' lang='lat' dir='ltr'><strong>et</strong></span> <span class='ocrx_word' id='word_1_100' title='bbox 606 2222 706 2317; x_wconf 82' lang='lat' dir='ltr'><strong>lo&#39;g&#39;os</strong></span> <span class='ocrx_word' id='word_1_101' title='bbox 731 2222 932 2319; x_wconf 89' lang='lat' dir='ltr'><strong>componito</strong></span> <span class='ocrx_word' id='word_1_102' title='bbox 958 2230 1070 2295; x_wconf 84' lang='lat' dir='ltr'><strong>morte</strong></span> <span class='ocrx_word' id='word_1_103' title='bbox 1096 2222 1232 2295; x_wconf 92' lang='lat' dir='ltr'><strong>dolores</strong></span> 
     </span>
     <span class='ocr_line' id='line_1_17' title="bbox 264 2341 1285 2441; baseline -0.001 -24"><span class='ocrx_word' id='word_1_104' title='bbox 264 2344 467 2418; x_wconf 81' lang='lat' dir='ltr'><strong>Extremum</strong></span> <span class='ocrx_word' id='word_1_105' title='bbox 500 2343 566 2416; x_wconf 89' lang='lat' dir='ltr'><strong>hoc</strong></span> <span class='ocrx_word' id='word_1_106' title='bbox 596 2341 761 2418; x_wconf 89' lang='lat' dir='ltr'><strong>Galataea</strong></span> <span class='ocrx_word' id='word_1_107' title='bbox 786 2344 838 2415; x_wconf 90' lang='lat' dir='ltr'><strong>tui</strong></span> <span class='ocrx_word' id='word_1_108' title='bbox 864 2368 948 2441; x_wconf 90' lang='lat' dir='ltr'><strong>cape</strong></span> <span class='ocrx_word' id='word_1_109' title='bbox 973 2369 1102 2417; x_wconf 90' lang='lat' dir='ltr'><strong>munus</strong></span> <span class='ocrx_word' id='word_1_110' title='bbox 1128 2344 1285 2417; x_wconf 86' lang='lat' dir='ltr'><strong>amantis.</strong></span> 
     </span>
     <span class='ocr_line' id='line_1_18' title="bbox 266 2464 1110 2552; baseline 0 -13"><span class='ocrx_word' id='word_1_111' title='bbox 266 2466 470 2541; x_wconf 83' lang='lat' dir='ltr'><strong>Extremum</strong></span> <span class='ocrx_word' id='word_1_112' title='bbox 495 2466 660 2540; x_wconf 88' lang='lat' dir='ltr'><strong>Galataea</strong></span> <span class='ocrx_word' id='word_1_113' title='bbox 684 2466 770 2552; x_wconf 91' lang='lat' dir='ltr'><strong>vale,</strong></span> <span class='ocrx_word' id='word_1_114' title='bbox 798 2464 963 2540; x_wconf 89' lang='lat' dir='ltr'><strong>Galataea</strong></span> <span class='ocrx_word' id='word_1_115' title='bbox 987 2467 1110 2540; x_wconf 89' lang='lat' dir='ltr'><strong>valeto.</strong></span> 
     </span>
     <span class='ocr_line' id='line_1_19' title="bbox 264 2588 1131 2686; baseline -0.002 -23"><span class='ocrx_word' id='word_1_116' title='bbox 264 2590 320 2664; x_wconf 91' lang='lat' dir='ltr'><strong>Sic</strong></span> <span class='ocrx_word' id='word_1_117' title='bbox 345 2589 394 2662; x_wconf 90' lang='lat' dir='ltr'><strong>ait</strong></span> <span class='ocrx_word' id='word_1_118' title='bbox 419 2599 454 2663; x_wconf 93' lang='lat' dir='ltr'><strong>et</strong></span> <span class='ocrx_word' id='word_1_119' title='bbox 478 2589 598 2686; x_wconf 89' lang='lat' dir='ltr'><strong>pulsae</strong></span> <span class='ocrx_word' id='word_1_120' title='bbox 623 2589 816 2662; x_wconf 87' lang='lat' dir='ltr'><strong>referebant</strong></span> <span class='ocrx_word' id='word_1_121' title='bbox 841 2588 994 2663; x_wconf 73' lang='lat' dir='ltr'><strong>carmine</strong></span> <span class='ocrx_word' id='word_1_122' title='bbox 1017 2613 1131 2686; x_wconf 91' lang='lat' dir='ltr'><strong>rupes.</strong></span> 
     </span>
     <span class='ocr_line' id='line_1_20' title="bbox 264 2711 1285 2797; baseline -0.002 -11"><span class='ocrx_word' id='word_1_123' title='bbox 264 2713 378 2787; x_wconf 89' lang='lat' dir='ltr'><strong>Omne</strong></span> <span class='ocrx_word' id='word_1_124' title='bbox 405 2736 530 2785; x_wconf 91' lang='lat' dir='ltr'><strong>nemus</strong></span> <span class='ocrx_word' id='word_1_125' title='bbox 555 2711 719 2786; x_wconf 82' lang='lat' dir='ltr'><strong>Galataea</strong></span> <span class='ocrx_word' id='word_1_126' title='bbox 744 2718 853 2797; x_wconf 89' lang='lat' dir='ltr'><strong>sonat,</strong></span> <span class='ocrx_word' id='word_1_127' title='bbox 880 2722 980 2786; x_wconf 90' lang='lat' dir='ltr'><strong>sonat</strong></span> <span class='ocrx_word' id='word_1_128' title='bbox 1005 2711 1134 2784; x_wconf 88' lang='lat' dir='ltr'><strong>arduus</strong></span> <span class='ocrx_word' id='word_1_129' title='bbox 1156 2711 1285 2785; x_wconf 92' lang='lat' dir='ltr'><strong>aether.</strong></span> 
     </span>
     <span class='ocr_line' id='line_1_21' title="bbox 265 2833 1167 2933; baseline -0.003 -26"><span class='ocrx_word' id='word_1_130' title='bbox 265 2835 394 2933; x_wconf 84' lang='lat' dir='ltr'><strong>Tethys</strong></span> <span class='ocrx_word' id='word_1_131' title='bbox 419 2834 551 2908; x_wconf 90' lang='lat' dir='ltr'><strong>interea</strong></span> <span class='ocrx_word' id='word_1_132' title='bbox 576 2833 734 2907; x_wconf 84' lang='lat' dir='ltr'><strong>Tithonis</strong></span> <span class='ocrx_word' id='word_1_133' title='bbox 760 2834 804 2906; x_wconf 91' lang='lat' dir='ltr'><strong>ab</strong></span> <span class='ocrx_word' id='word_1_134' title='bbox 829 2859 978 2930; x_wconf 88' lang='lat' dir='ltr'><strong>aequore</strong></span> <span class='ocrx_word' id='word_1_135' title='bbox 1004 2833 1167 2930; x_wconf 83' lang='lat' dir='ltr'><strong>conjunx,</strong></span> 
     </span>
     <span class='ocr_line' id='line_1_22' title="bbox 267 2955 1092 3053; baseline -0.004 -23"><span class='ocrx_word' id='word_1_136' title='bbox 267 2956 440 3030; x_wconf 89' lang='lat' dir='ltr'><strong>Paulatim</strong></span> <span class='ocrx_word' id='word_1_137' title='bbox 465 2955 594 3029; x_wconf 86' lang='lat' dir='ltr'><strong>croceis</strong></span> <span class='ocrx_word' id='word_1_138' title='bbox 620 2956 788 3029; x_wconf 84' lang='lat' dir='ltr'><strong>subnecte</strong></span> <span class='ocrx_word' id='word_1_139' title='bbox 809 2955 986 3053; x_wconf 86' lang='lat' dir='ltr'><strong>jugalibus</strong></span> <span class='ocrx_word' id='word_1_140' title='bbox 1011 2956 1092 3040; x_wconf 86' lang='lat' dir='ltr'><strong>alto,</strong></span> 
     </span>
     <span class='ocr_line' id='line_1_23' title="bbox 267 3077 1172 3175; baseline -0.002 -24"><span class='ocrx_word' id='word_1_141' title='bbox 267 3079 346 3152; x_wconf 87' lang='lat' dir='ltr'><strong>Jam</strong></span> <span class='ocrx_word' id='word_1_142' title='bbox 371 3087 601 3152; x_wconf 87' lang='lat' dir='ltr'><strong>rarescentem</strong></span> <span class='ocrx_word' id='word_1_143' title='bbox 626 3078 777 3175; x_wconf 92' lang='lat' dir='ltr'><strong>pellebat</strong></span> <span class='ocrx_word' id='word_1_144' title='bbox 802 3079 845 3150; x_wconf 89' lang='lat' dir='ltr'><strong>ab</strong></span> <span class='ocrx_word' id='word_1_145' title='bbox 872 3077 1009 3151; x_wconf 89' lang='lat' dir='ltr'><strong>aethere</strong></span> <span class='ocrx_word' id='word_1_146' title='bbox 1032 3086 1172 3156; x_wconf 84' lang='lat' dir='ltr'><strong>noctem</strong></span> 
     </span>
     <span class='ocr_line' id='line_1_24' title="bbox 267 3199 1160 3298; baseline -0.003 -26"><span class='ocrx_word' id='word_1_147' title='bbox 267 3201 311 3275; x_wconf 83' lang='lat' dir='ltr'><strong>Et</strong></span> <span class='ocrx_word' id='word_1_148' title='bbox 332 3201 406 3298; x_wconf 87' lang='lat' dir='ltr'><strong>jam</strong></span> <span class='ocrx_word' id='word_1_149' title='bbox 431 3201 589 3275; x_wconf 88' lang='lat' dir='ltr'><strong>Phebeae</strong></span> <span class='ocrx_word' id='word_1_150' title='bbox 614 3200 782 3274; x_wconf 90' lang='lat' dir='ltr'><strong>ferventia</strong></span> <span class='ocrx_word' id='word_1_151' title='bbox 808 3200 919 3273; x_wconf 90' lang='lat' dir='ltr'><strong>sidera</strong></span> <span class='ocrx_word' id='word_1_152' title='bbox 942 3199 1039 3297; x_wconf 90' lang='lat' dir='ltr'><strong>rupit</strong></span> <span class='ocrx_word' id='word_1_153' title='bbox 1156 3264 1160 3269; x_wconf 91' lang='lat'><strong>.</strong></span> 
     </span>
     <span class='ocr_line' id='line_1_25' title="bbox 267 3322 1121 3420; baseline 0 -24"><span class='ocrx_word' id='word_1_154' title='bbox 267 3323 429 3397; x_wconf 79' lang='lat' dir='ltr'><strong>eulmina</strong></span> <span class='ocrx_word' id='word_1_155' title='bbox 454 3323 513 3395; x_wconf 89' lang='lat' dir='ltr'><strong>nix</strong></span> <span class='ocrx_word' id='word_1_156' title='bbox 540 3322 648 3395; x_wconf 92' lang='lat' dir='ltr'><strong>dubio</strong></span> <span class='ocrx_word' id='word_1_157' title='bbox 675 3347 818 3420; x_wconf 92' lang='lat' dir='ltr'><strong>coepere</strong></span> <span class='ocrx_word' id='word_1_158' title='bbox 844 3323 1025 3395; x_wconf 88' lang='lat' dir='ltr'><strong>rubescere</strong></span> <span class='ocrx_word' id='word_1_159' title='bbox 1050 3322 1121 3396; x_wconf 90' lang='lat' dir='ltr'><strong>sole</strong></span> 
     </span>
     <span class='ocr_line' id='line_1_26' title="bbox 271 3444 1289 3542; baseline -0.003 -25"><span class='ocrx_word' id='word_1_160' title='bbox 271 3445 415 3519; x_wconf 73' lang='lat' dir='ltr'><strong>(linctus</strong></span> <span class='ocrx_word' id='word_1_161' title='bbox 441 3454 477 3518; x_wconf 92' lang='lat' dir='ltr'><strong>et</strong></span> <span class='ocrx_word' id='word_1_162' title='bbox 501 3469 579 3518; x_wconf 89' lang='lat' dir='ltr'><strong>ecce</strong></span> <span class='ocrx_word' id='word_1_163' title='bbox 604 3444 745 3517; x_wconf 88' lang='lat' dir='ltr'><strong>Damon</strong></span> <span class='ocrx_word' id='word_1_164' title='bbox 772 3444 909 3517; x_wconf 88' lang='lat' dir='ltr'><strong>viridati</strong></span> <span class='ocrx_word' id='word_1_165' title='bbox 934 3454 1104 3542; x_wconf 78' lang='lat' dir='ltr'><strong>tempora.</strong></span> <span class='ocrx_word' id='word_1_166' title='bbox 1117 3450 1242 3541; x_wconf 81' lang='lat' dir='ltr'><strong>myrt0,</strong></span> <span class='ocrx_word' id='word_1_167' title='bbox 1284 3501 1289 3504; x_wconf 51' lang='grc'>,</span> 
     </span>
    </p>

    <p class='ocr_par' dir='ltr' id='par_1_4' title="bbox 213 3567 1143 3665">
     <span class='ocr_line' id='line_1_27' title="bbox 213 3567 1143 3665; baseline -0.002 -24"><span class='ocrx_word' id='word_1_168' title='bbox 213 3584 215 3589; x_wconf 81' lang='grc'>’</span> <span class='ocrx_word' id='word_1_169' title='bbox 270 3568 378 3641; x_wconf 85' lang='lat' dir='ltr'><strong>Latus</strong></span> <span class='ocrx_word' id='word_1_170' title='bbox 402 3567 474 3664; x_wconf 83' lang='lat' dir='ltr'><strong>agit</strong></span> <span class='ocrx_word' id='word_1_171' title='bbox 499 3577 633 3642; x_wconf 86' lang='lat' dir='ltr'><strong>teneras</strong></span> <span class='ocrx_word' id='word_1_172' title='bbox 659 3568 708 3640; x_wconf 94' lang='lat' dir='ltr'><strong>ud</strong></span> <span class='ocrx_word' id='word_1_173' title='bbox 735 3592 862 3665; x_wconf 87' lang='lat' dir='ltr'><strong>pascua</strong></span> <span class='ocrx_word' id='word_1_174' title='bbox 886 3574 969 3639; x_wconf 89' lang='lat' dir='ltr'><strong>nota</strong></span> <span class='ocrx_word' id='word_1_175' title='bbox 994 3567 1143 3664; x_wconf 86' lang='lat' dir='ltr'><strong>capellas</strong></span> 
     </span>
    </p>

    <p class='ocr_par' dir='ltr' id='par_1_5' title="bbox 271 3688 1292 4154">
     <span class='ocr_line' id='line_1_28' title="bbox 271 3688 1129 3787; baseline -0.002 -24"><span class='ocrx_word' id='word_1_176' title='bbox 271 3690 423 3776; x_wconf 92' lang='lat' dir='ltr'><strong>Damon,</strong></span> <span class='ocrx_word' id='word_1_177' title='bbox 449 3696 628 3787; x_wconf 86' lang='lat' dir='ltr'><strong>pastorum</strong></span> <span class='ocrx_word' id='word_1_178' title='bbox 654 3714 724 3786; x_wconf 93' lang='lat' dir='ltr'><strong>quo</strong></span> <span class='ocrx_word' id='word_1_179' title='bbox 750 3715 821 3762; x_wconf 92' lang='lat' dir='ltr'><strong>non</strong></span> <span class='ocrx_word' id='word_1_180' title='bbox 847 3688 1008 3762; x_wconf 88' lang='lat' dir='ltr'><strong>annosior</strong></span> <span class='ocrx_word' id='word_1_181' title='bbox 1032 3689 1129 3774; x_wconf 89' lang='lat' dir='ltr'><strong>alter,</strong></span> 
     </span>
     <span class='ocr_line' id='line_1_29' title="bbox 272 3810 1169 3909; baseline -0.001 -25"><span class='ocrx_word' id='word_1_182' title='bbox 272 3811 338 3884; x_wconf 85' lang='lat' dir='ltr'><strong>Cui</strong></span> <span class='ocrx_word' id='word_1_183' title='bbox 361 3811 434 3909; x_wconf 87' lang='lat' dir='ltr'><strong>jam</strong></span> <span class='ocrx_word' id='word_1_184' title='bbox 461 3810 628 3908; x_wconf 92' lang='lat' dir='ltr'><strong>depositis</strong></span> <span class='ocrx_word' id='word_1_185' title='bbox 653 3811 764 3885; x_wconf 88' lang='lat' dir='ltr'><strong>niteat</strong></span> <span class='ocrx_word' id='word_1_186' title='bbox 788 3810 882 3883; x_wconf 87' lang='lat' dir='ltr'><strong>frons</strong></span> <span class='ocrx_word' id='word_1_187' title='bbox 907 3811 1002 3884; x_wconf 92' lang='lat' dir='ltr'><strong>nuda</strong></span> <span class='ocrx_word' id='word_1_188' title='bbox 1027 3810 1169 3909; x_wconf 86' lang='lat' dir='ltr'><strong>capillis,</strong></span> 
     </span>
     <span class='ocr_line' id='line_1_30' title="bbox 272 3933 1292 4031; baseline -0.002 -25"><span class='ocrx_word' id='word_1_189' title='bbox 272 3933 346 4025; x_wconf 82' lang='lat' dir='ltr'><strong>Qui</strong></span> <span class='ocrx_word' id='word_1_190' title='bbox 367 3934 439 4030; x_wconf 88' lang='lat' dir='ltr'><strong>jam</strong></span> <span class='ocrx_word' id='word_1_191' title='bbox 452 3940 660 4007; x_wconf 89' lang='lat' dir='ltr'><strong>tercentum</strong></span> <span class='ocrx_word' id='word_1_192' title='bbox 674 3959 755 4007; x_wconf 92' lang='lat' dir='ltr'><strong>cum</strong></span> <span class='ocrx_word' id='word_1_193' title='bbox 769 3933 915 4008; x_wconf 88' lang='lat' dir='ltr'><strong>Nestore</strong></span> <span class='ocrx_word' id='word_1_194' title='bbox 929 3941 1108 4031; x_wconf 90' lang='lat' dir='ltr'><strong>computet</strong></span> <span class='ocrx_word' id='word_1_195' title='bbox 1123 3957 1243 4019; x_wconf 91' lang='lat' dir='ltr'><strong>annos,</strong></span> <span class='ocrx_word' id='word_1_196' title='bbox 1261 3937 1292 4024; x_wconf 73' lang='grc'><strong>2)</strong></span> 
     </span>
     <span class='ocr_line' id='line_1_31' title="bbox 273 4055 1094 4154; baseline -0.001 -26"><span class='ocrx_word' id='word_1_197' title='bbox 273 4055 354 4129; x_wconf 88' lang='lat' dir='ltr'><strong>Una</strong></span> <span class='ocrx_word' id='word_1_198' title='bbox 378 4055 451 4129; x_wconf 89' lang='lat' dir='ltr'><strong>viro</strong></span> <span class='ocrx_word' id='word_1_199' title='bbox 477 4080 571 4129; x_wconf 90' lang='lat' dir='ltr'><strong>serae</strong></span> <span class='ocrx_word' id='word_1_200' title='bbox 596 4056 733 4154; x_wconf 90' lang='lat' dir='ltr'><strong>requies</strong></span> <span class='ocrx_word' id='word_1_201' title='bbox 759 4065 794 4130; x_wconf 93' lang='lat' dir='ltr'><strong>et</strong></span> <span class='ocrx_word' id='word_1_202' title='bbox 820 4081 903 4128; x_wconf 87' lang='lat' dir='ltr'><strong>cura</strong></span> <span class='ocrx_word' id='word_1_203' title='bbox 927 4062 1094 4141; x_wconf 89' lang='lat' dir='ltr'><strong>senectae,</strong></span> 
     </span>
    </p>
   </div>
   <div class='ocr_carea' id='block_1_3' title="bbox 173 4225 1295 4408">
    <p class='ocr_par' dir='ltr' id='par_1_6' title="bbox 173 4225 1295 4408">
     <span class='ocr_line' id='line_1_32' title="bbox 173 4225 1295 4323; baseline 0.001 -37"><span class='ocrx_word' id='word_1_204' title='bbox 173 4228 196 4303; x_wconf 92' lang='lat'><strong>¹)</strong></span> <span class='ocrx_word' id='word_1_205' title='bbox 217 4228 347 4287; x_wconf 84' lang='lat' dir='ltr'><strong>Demetas</strong></span> <span class='ocrx_word' id='word_1_206' title='bbox 368 4233 395 4285; x_wconf 90' lang='lat' dir='ltr'><strong>et</strong></span> <span class='ocrx_word' id='word_1_207' title='bbox 414 4228 551 4323; x_wconf 85' lang='lat' dir='ltr'><strong>Amyntas</strong></span> <span class='ocrx_word' id='word_1_208' title='bbox 571 4233 694 4306; x_wconf 85' lang='lat' dir='ltr'><strong>pastores</strong></span> <span class='ocrx_word' id='word_1_209' title='bbox 716 4226 883 4303; x_wconf 83' lang='lat' dir='ltr'><strong>Virgilisni;</strong></span> <span class='ocrx_word' id='word_1_210' title='bbox 908 4226 954 4286; x_wconf 91' lang='lat' dir='ltr'><strong>hic</strong></span> <span class='ocrx_word' id='word_1_211' title='bbox 974 4227 1124 4286; x_wconf 83' lang='lat' dir='ltr'><strong>confratres</strong></span> <span class='ocrx_word' id='word_1_212' title='bbox 1144 4225 1295 4304; x_wconf 89' lang='lat' dir='ltr'><strong>Pamphili.</strong></span> 
     </span>
     <span class='ocr_line' id='line_1_33' title="bbox 175 4331 840 4408; baseline -0.003 -17"><span class='ocrx_word' id='word_1_213' title='bbox 175 4332 198 4408; x_wconf 81' lang='lat'><strong>²)</strong></span> <span class='ocrx_word' id='word_1_214' title='bbox 219 4333 290 4391; x_wconf 83' lang='lat' dir='ltr'><strong>Cum</strong></span> <span class='ocrx_word' id='word_1_215' title='bbox 311 4332 441 4392; x_wconf 87' lang='lat' dir='ltr'><strong>Nestore.</strong></span> <span class='ocrx_word' id='word_1_216' title='bbox 464 4331 483 4390; x_wconf 92' lang='lat' dir='ltr'><strong>i.</strong></span> <span class='ocrx_word' id='word_1_217' title='bbox 504 4353 528 4390; x_wconf 91' lang='lat' dir='ltr'><strong>e.</strong></span> <span class='ocrx_word' id='word_1_218' title='bbox 550 4333 622 4391; x_wconf 86' lang='lat' dir='ltr'><strong>sicut</strong></span> <span class='ocrx_word' id='word_1_219' title='bbox 643 4332 709 4390; x_wconf 89' lang='lat' dir='ltr'><strong>olim</strong></span> <span class='ocrx_word' id='word_1_220' title='bbox 730 4333 840 4391; x_wconf 87' lang='lat' dir='ltr'><strong>Nestor.</strong></span> 
     </span>
    </p>
   </div>
   <div class='ocr_carea' id='block_1_4' title="bbox 0 0 1534 4904">
    <p class='ocr_par' dir='ltr' id='par_1_7' title="bbox 0 0 1534 4904">
     <span class='ocr_line' id='line_1_34' title="bbox 0 0 1534 4904; baseline 0 0"><span class='ocrx_word' id='word_1_221' title='bbox 0 0 1534 4904; x_wconf 95' lang='lat' dir='ltr'><strong> </strong></span> 
     </span>
    </p>
   </div>
  </div>
 </body>
</html>
