3044 4904
601 342 796 397 voonnnnr.
1263 318 1284 390 3

117 571 238 645 Alardi
271 567 428 664 gloriam,
463 560 669 660 praestanda
701 559 786 631 duxi
820 583 892 630 esse
926 558 1012 630 haec
1047 556 1237 654 specimina
1268 580 1287 626 e

118 691 348 766 bibliothecae
373 685 510 759 libello:

119 964 151 1008 a.
178 935 221 1006 In
254 932 365 1028 capite
398 930 510 1027 primo
543 927 708 1000 offeretur
740 925 846 997 index
879 949 941 997 seu
976 923 1191 998 enumeratio
1217 948 1289 995 om·

179 1056 280 1128 nium
305 1052 562 1151 opusculorum,
589 1048 626 1121 in
651 1048 769 1120 libello
795 1047 853 1119 cui
877 1071 1045 1118 numerus
1071 1049 1177 1132 2377,
1205 1045 1291 1117 exis·

181 1177 343 1251 tentium.
583 1173 587 1179 ’

121 1301 150 1372 b.
183 1298 298 1394 Caput
319 1292 513 1367 secundum
534 1290 711 1388 specimen
734 1288 912 1387 quoddam
935 1297 1161 1361 ememorato
1172 1288 1291 1360 libello

182 1418 297 1492 soluta
325 1415 480 1489 oratione
506 1408 687 1510 scriptum,
720 1411 850 1484 offeret,
887 1410 1070 1508 Specimen
1103 1411 1169 1483 hoc
1207 1411 1291 1484 erit:

182 1539 304 1613 Alardi
328 1534 598 1610 Amstelredami
623 1535 816 1606 daramium
842 1535 882 1606 de
914 1533 1125 1630 era‘aitate,
1153 1533 1210 1606 cui
1236 1558 1293 1605 en·

184 1661 296 1734 comio
319 1659 364 1731 ad
384 1657 533 1756 proximi
554 1655 830 1729 aedificationem
844 1655 1104 1727 translationem
1119 1654 1291 1752 adjiciam.

125 1810 151 1855 o.
183 1783 273 1855 Item
310 1787 416 1878 caput
452 1778 596 1852 tertium
630 1802 671 1850 ex
706 1777 830 1849 eodem
863 1777 970 1862 fonte,
1005 1801 1144 1850 carmen
1173 1776 1295 1849 Alardi

184 1902 381 2000 praestabit,
416 1901 475 1973 cui
507 1900 650 1973 titulus:
685 1901 828 1971 Sanctae
866 1901 1038 1984 Caeciliae,
1081 1901 1230 1995 era'ma
1255 1925 1296 1970 ac

186 2026 346 2120 martfflis
378 2024 457 2095 cita.
492 2020 685 2094 Translatio
720 2020 827 2117 partis
861 2021 1067 2116 biograficae
1093 2021 1199 2118 hujus
1224 2045 1295 2092 car-

186 2145 290 2217 minis
315 2143 497 2241 adjicietur
523 2150 563 2215 ut
587 2168 701 2240 supra.

124 2269 156 2340 d.
183 2267 298 2364 Caput
322 2276 485 2362 quartum
510 2264 695 2337 fasciculus
720 2266 794 2351 erit,
822 2272 895 2336 tam
918 2291 936 2337 e
958 2264 1153 2337 minoribus
1173 2263 1296 2335 Alardi

186 2387 322 2461 selectis
350 2387 581 2484 poematibus,
607 2411 713 2483 quam
739 2413 780 2460 ex
808 2387 946 2458 duobus
971 2386 1104 2460 Erasmi
1128 2387 1295 2483 precatio·

185 2509 300 2594 nibus,
347 2507 523 2580 collectus.
567 2508 747 2580 Nonnulla
783 2510 909 2580 horum
947 2508 1076 2581 iterum
1112 2508 1295 2580 vernacule

183 2630 338 2702 reddam.

121 2779 149 2825 e.
180 2753 335 2825 Demum
381 2750 506 2825 ultimo
551 2750 663 2848 capite
700 2751 841 2825 dabitur
877 2751 967 2823 illud
1005 2751 1124 2847 magni
1161 2750 1295 2823 Erasmi
1399 2841 1413 2850 N

182 2897 320 2945 carmen
353 2872 566 2958 bucolicum,
600 2872 697 2970 quod
730 2872 903 2945 Alardum
936 2873 1107 2945 invenisse
1142 2883 1179 2945 et
1203 2872 1296 2946 notis

183 2995 387 3067 illusstrasse
419 2995 493 3091 jam
525 2994 688 3066 vidimus,
733 2993 881 3066 Carmen
914 2995 980 3067 hoc
1013 2994 1148 3068 celebre
1182 2994 1292 3066 nulla·

182 3123 285 3187 tenus
322 3116 491 3188 truncabo
502 3149 510 3201 ;
551 3141 569 3188 e
608 3115 747 3188 scholiis
780 3126 898 3190 autern
931 3116 1053 3188 Alardi
1085 3125 1126 3189 ut
1165 3116 1291 3212 pluries

183 3236 394 3312 scholasticis
406 3237 615 3310 rudimentis
639 3237 790 3334 repletis,
812 3238 984 3309 nonnulla
1005 3237 1194 3335 prudenter
1215 3262 1294 3334 sup·

183 3357 349 3454 primam;
385 3359 646 3433 translationem
673 3370 791 3435 autem
825 3384 890 3432 nec
924 3359 1086 3431 carminis
1108 3383 1172 3431 nec
1199 3358 1294 3430 scho-

183 3479 321 3566 liorum,
349 3505 430 3577 prae
457 3480 654 3578 prudentia,
681 3481 872 3578 aggrediar.

716 3677 853 3749 Pnrnns
878 3676 1066 3751 Manrnrns
1091 3675 1193 3760 Bors,

233 3773 390 3869 Luyduni
412 3770 631 3848 Balavorum.
1040 3796 1132 3841 uector
1145 3794 1278 3839 Emeritus.

124 3894 211 3952 Dmea
232 3894 308 3953 infra
328 3895 462 3954 Octavam
487 3896 616 3974 Corporis
637 3895 751 3954 Christi.

363 4000 450 4059 1895.

610 4229 803 4240 *nn-..—
