3044 4904
429 1175 747 1407 &laetatio
802 1178 880 1344 ot
943 1180 1232 1387 botoron.

294 1465 359 1545 Be
385 1465 521 1560 fonte,
549 1482 716 1544 necnon
749 1462 801 1544 de
829 1482 957 1563 scopo
984 1463 1114 1563 hujus
1142 1462 1358 1563 opusculi.

294 1906 431 1979 Prostat
451 1903 488 1976 in
510 1903 726 1977 Bibliotheca
747 1902 893 1974 loannis
914 1901 1195 1999 Thysiipublica,
1210 1927 1301 1974 anno
1316 1906 1409 1976 1655

244 2024 412 2121 Lugduni
447 2025 657 2097 Batavorum
683 2023 838 2108 fimdata,
866 2022 931 2093 sub
956 2022 1103 2118 catalogi
1128 2046 1274 2095 numero
1301 2027 1407 2110 2377,

243 2145 393 2229 libellus,
428 2144 486 2216 cui
519 2142 661 2216 tibulus:
699 2142 804 2227 „Divi
829 2141 963 2213 Brasmi
996 2141 1223 2216 Boterodami
1256 2142 1319 2215 DB
1343 2144 1408 2215 VI·

246 2263 432 2350 „TANDO
466 2261 746 2336 PBBNIOIOSO
786 2261 1041 2358 libidinoseque
1091 2272 1231 2360 aspectu
1269 2288 1407 2336 carmen

245 2383 483 2469 „Bucolicum
526 2383 653 2480 lectuq.
698 2380 955 2477 dignissimum,
998 2407 1079 2454 cum
1114 2382 1253 2455 scholiis
1286 2383 1409 2457 Alardi

244 2503 544 2590 „Amstelredami
579 2503 680 2599 cujus
713 2502 829 2578 studio
863 2527 957 2574 nunc
990 2501 1144 2598 primum
1174 2513 1210 2578 et
1233 2513 1410 2600 repertum

244 2634 303 2711 net
334 2624 469 2698 editum
503 2631 564 2696 est.
598 2623 736 2719 Leydis,
771 2648 862 2694 anno
891 2621 1172 2710 MDXXXVIII,
1200 2622 1322 2696 Idibus
1347 2624 1409 2697 Fe·

243 2744 423 2831 „bruariis
458 2744 583 2817 Petrus
617 2743 768 2815 Balenus
802 2744 995 2817 excudebat
1028 2742 1095 2815 hoc
1130 2744 1338 2840 opusculum
1369 2744 1414 2815 ad

242 2864 455 2959 „intersigne
482 2864 564 2936 solis
588 2863 775 2936 inamati.''
1392 2940 1397 2948 ,

287 2983 435 3079 Lagenti
479 2983 574 3055 hunc
622 2991 854 3076 memoratum
906 2980 1120 3078 Theysianee
1171 2981 1410 3056 Bibliothecae

165 3094 167 3099 ’
238 3103 397 3176 libellum
423 3102 495 3175 duo
516 3103 605 3175 mira
625 3109 823 3175 occurrunt.
846 3099 1003 3173 Primum
1025 3111 1087 3186 est,
1110 3103 1206 3198 quod
1228 3102 1410 3177 laudatum

240 3222 376 3295 Bresmi
411 3247 561 3309 carmen,
598 3222 663 3295 etsi
696 3221 741 3294 od
776 3220 1053 3294 aedificationem
1076 3221 1246 3316 juvenum
1272 3222 1410 3295 concin-

237 3351 371 3428 natum,
417 3341 573 3414 libidinis
615 3351 733 3414 tumen
772 3340 1020 3436 descriptiones
1057 3341 1203 3437 spansim
1240 3342 1406 3428 continet,

236 3464 286 3535 ita
317 3470 368 3548 ut,
402 3487 481 3535 meo
512 3461 655 3557 judicio,
681 3468 799 3533 nostro
824 3460 1025 3557 praesertim
1050 3485 1147 3548 aevo,
1174 3461 1218 3533 ab
1244 3462 1407 3535 omnibus

236 3581 540 3657 indiscriminatim
561 3591 638 3655 tuto
651 3580 722 3676 legi
734 3589 895 3676 nequeat.
918 3580 1079 3654 Alterum
1102 3590 1220 3656 autem
1234 3590 1296 3667 est,
1310 3583 1407 3677 quod

236 3710 352 3776 totum
386 3701 518 3775 Brasmi
549 3726 687 3774 carmen
712 3700 922 3785 bucolicum,
961 3724 1135 3772 unacum
1164 3701 1285 3774 Alardi
1310 3702 1409 3774 scho-

235 3821 304 3906 liis,
333 3846 378 3894 ne
404 3821 541 3895 tertiam
567 3820 710 3917 quidem
734 3819 924 3916 supradicti
948 3820 1143 3917 'Physianae
1168 3821 1405 3895 Bibliothecae

235 3941 347 4015 libelli
368 3951 499 4038 partem
520 3949 677 4038 occupat,
708 3940 851 4036 reliquis
862 3940 1000 4037 paginis
1012 3941 1080 4014 alia
1091 3942 1212 4014 Alardi
1225 3944 1403 4039 opuscula,

235 4086 374 4136 necnon
398 4062 533 4137 Brasmi
556 4086 663 4159 parvo
686 4067 858 4158 poemata,
885 4061 1156 4136 continentibus.
1286 4072 1289 4077 ’

285 4181 385 4279 Quae
414 4207 495 4256 cum
520 4182 570 4257 ita
595 4183 675 4271 sint,
701 4182 739 4254 in
766 4181 1008 4255 concinnando
1034 4183 1101 4256 hoc
1126 4206 1205 4256 meo
1231 4206 1334 4283 opere
1360 4183 1405 4256 ad
