3044 4904
270 303 316 377 54
703 320 812 370 orror
837 319 998 370 ruarmu.

364 537 409 612 Et
430 538 504 634 jam
530 534 696 609 deficiens
718 533 766 606 sio
791 534 835 607 ad
860 544 922 608 tua
945 534 1050 607 verba
1074 532 1208 608 revixit.

417 661 463 733 Ut
488 659 576 732 solet
600 658 715 731 infuso
742 683 830 730 vena
853 657 966 730 redire
992 681 1100 730 mero.

367 783 563 855 Germanus
588 779 691 852 viridi
716 779 842 851 florens
868 778 1047 853 Tiburtius
1072 803 1157 851 aevo

417 902 556 998 Accipit
582 901 723 974 insolito
749 910 872 998 captus
897 900 1004 973 odore
1029 901 1146 974 fidem.

366 1025 484 1099 Vema
508 1049 628 1096 reeens
653 1032 815 1097 contexta
839 1023 898 1119 pio
926 1023 1101 1097 donantur
1127 1023 1264 1120 ephebo

416 1146 524 1231 Serta,
551 1145 680 1242 quibus
706 1145 811 1217 flavas
837 1145 992 1241 contegit
1016 1146 1074 1218 ille
1101 1171 1227 1218 eomas.

365 1268 528 1342 Firmatis
554 1267 681 1340 animis
706 1267 831 1340 hausto
857 1267 983 1363 vitaeq.
1010 1267 1146 1340 futurae

415 1389 541 1474 Gustu,
569 1389 726 1461 coelestis
750 1414 830 1460 mox
857 1389 1116 1486 paranymphus
1142 1389 1215 1461 abit

367 1509 424 1582 Sic
448 1519 557 1606 patre,
584 1509 632 1582 sio
657 1517 794 1606 patru0,
822 1510 871 1582 sio
896 1510 1087 1607 impulsore
1113 1511 1250 1596 marito,

416 1630 634 1705 Vestimenta
658 1631 752 1704 floris
776 1632 843 1705 fert
868 1632 1020 1728 pretiosa
1045 1632 1144 1707 satis.-

368 1753 468 1825 Clam
493 1761 602 1849 patre,¹
628 1754 718 1824 olam
744 1761 881 1849 patruo,
908 1754 998 1825 olam
1024 1754 1173 1849 conjuge
1197 1753 1331 1826 nudam

418 1873 531 1945 Villos
556 1882 626 1970 atq.
654 1875 744 1971 pilos
769 1875 924 1970 subligat
949 1900 1024 1971 usq.
1053 1885 1172 1950 autem

366 1995 483 2068 Ambo
509 1995 671 2070 florentes
696 1997 878 2082 aetatibus,
907 1997 1011 2069 ambo
1036 2004 1197 2093 potentes

417 2116 550 2213 Sponte
577 2116 639 2190 dui
663 2118 767 2192 hoitis
792 2118 964 2192 abstinere
989 2118 1091 2191 bonis

368 2237 442 2311 Neo
468 2237 593 2309 mehus
619 2248 756 2312 tenerae
780 2240 980 2336 junguntur
1004 2240 1134 2319 vitibus
1158 2240 1273 2312 ulmae

416 2358 491 2431 Neo
516 2359 597 2456 plus
620 2340 714 2431 lotus
741 2359 840 2456 aquis
864 2360 982 2433 littora
1007 2369 1141 2457 myrtus
1166 2369 1269 2434 amat.

367 2481 502 2578 Impuis
526 2481 730 2553 Almaohuis
755 2481 876 2578 rapida
901 2481 1046 2555 deseviit
1069 2482 1130 2555 ira.

420 2601 606 2698 Quotquot
632 2611 732 2676 erant
756 2602 883 2676 Christi
909 2628 991 2675 mox
1014 2604 1175 2700 jugulare
1200 2615 1299 2702 paras

369 2723 543 2796 Nobilitas
568 2749 650 2796 oum
675 2724 777 2822 plebe
803 2725 903 2822 perit,
930 2725 1084 2822 passimq
1110 2736 1279 2823 tyrannus

417 2844 550 2920 Mactat
574 2853 610 2918 et
634 2872 655 2918 a
680 2845 779 2918 nullo
804 2846 1051 2943 temperatim
1076 2848 1182 2921 ferox,

369 2966 569 3065 Sublimesq
594 2969 627 3065 q'
654 2969 777 3040 cohors
802 2978 920 3065 raptos
944 2968 1080 3042 liotoria
1105 2969 1224 3043 fratres

417 3089 569 3186 Coujioit
593 3089 629 3161 in
656 3090 826 3174 tenebras,
854 3090 1109 3188 oompedibusq
1134 3091 1270 3190 premit.

369 3209 526 3283 Affliotos
550 3211 659 3285 vitam
684 3211 721 3283 in
747 3212 899 3285 tenebris
924 3214 1056 3309 luotuq.
1084 3212 1259 3286 trahentes

420 3330 596 3405 Innoouos
622 3357 724 3404 saevo
750 3333 892 3407 sustulit
918 3359 999 3406 ense
1024 3333 1126 3406 viros.

370 3451 479 3548 Cujus
504 3451 675 3549 supplicio
701 3479 773 3527 non
798 3454 922 3529 debuit
946 3481 1017 3527 una
1041 3455 1155 3551 parari

340 3609 344 3615 >
421 3573 539 3660 Simia,
564 3599 636 3646 non
661 3599 752 3647 unus
779 3577 910 3662 ouleus,
938 3601 1051 3649 unave
1076 3576 1209 3673 hydria.

371 3695 480 3790 Saepe
504 3694 648 3791 quidem
674 3697 805 3769 multos
831 3706 954 3783 servat,
981 3698 1121 3770 fortuna
1144 3706 1319 3784 nocentes,

419 3814 574 3888 Multum
599 3817 795 3890 irascuntur
819 3818 965 3891 numina
991 3844 1092 3915 saepe
1120 3819 1258 3915 quibus.

370 3936 545 4008 Maximus
569 3948 712 4036 aooepto
737 3939 958 4035 baptismate,
985 3941 1074 4012 oolla
1099 3940 1212 4012 seomi

420 4057 556 4144 Probet,
583 4068 619 4132 et
645 4061 844 4157 exemplum
869 4086 941 4134 non
965 4063 1041 4134 leve
1067 4061 1277 4157 suppeditat.

370 4177 479 4251 Haud
503 4205 600 4251 mora
624 4180 789 4254 festinant
811 4181 898 4277 jussi
922 4182 1075 4280 rapidisq
1093 4182 1260 4258 *feruntur

421 4300 582 4375 Postibus
594 4301 806 4388 instantem·
821 4304 1073 4402 praecipitantq
1099 4328 1231 4375 necem.
